%% This BibTeX bibliography file was created using BibDesk.
%% http://bibdesk.sourceforge.net/

%% Created for Eileen Blum at 2018-07-11 13:38:45 -0400 


%% Saved with string encoding Unicode (UTF-8) 



@misc{lamont2018,
	Author = {Andrew Lamont},
	Date-Added = {2018-07-11 05:39:16 +0000},
	Date-Modified = {2018-07-11 17:38:45 +0000},
	Howpublished = {ms. University of Massachusetts Amherst},
	Year = {2018},
	Bdsk-File-1 = {YnBsaXN0MDDUAQIDBAUGJCVYJHZlcnNpb25YJG9iamVjdHNZJGFyY2hpdmVyVCR0b3ASAAGGoKgHCBMUFRYaIVUkbnVsbNMJCgsMDxJXTlMua2V5c1pOUy5vYmplY3RzViRjbGFzc6INDoACgAOiEBGABIAFgAdccmVsYXRpdmVQYXRoWWFsaWFzRGF0YV8QKC4uLy4uL1Jlc291cmNlcy9Bc3NpZ25lZC9zb3VyLWdyYXBlcy5wZGbSFwsYGVdOUy5kYXRhTxEBvAAAAAABvAACAAAMTWFjaW50b3NoIEhEAAAAAAAAAAAAAAAAAAAA0VLpjEgrAAADFHCWD3NvdXItZ3JhcGVzLnBkZgAAAAAAAAAAAAAAAAAAAAAAAAAAAAAAAAAAAAAAAAAAAAAAAAAAAAAAAAAAAAAAAANvR8PXUDU/AAAAAAAAAAAAAgADAAAJIAAAAAAAAAAAAAAAAAAAAAhBc3NpZ25lZAAQAAgAANFTIcwAAAARAAgAANdQbX8AAAABABgDFHCWAxRv5wKEP68ACeDyAAmkNQACmDcAAgBPTWFjaW50b3NoIEhEOlVzZXJzOgBsYWR5YnVnOgBEcm9wYm94OgBRUDI6AFJlc291cmNlczoAQXNzaWduZWQ6AHNvdXItZ3JhcGVzLnBkZgAADgAgAA8AcwBvAHUAcgAtAGcAcgBhAHAAZQBzAC4AcABkAGYADwAaAAwATQBhAGMAaQBuAHQAbwBzAGgAIABIAEQAEgA8VXNlcnMvbGFkeWJ1Zy9Ecm9wYm94L1FQMi9SZXNvdXJjZXMvQXNzaWduZWQvc291ci1ncmFwZXMucGRmABMAAS8AABUAAgAO//8AAIAG0hscHR5aJGNsYXNzbmFtZVgkY2xhc3Nlc11OU011dGFibGVEYXRhox0fIFZOU0RhdGFYTlNPYmplY3TSGxwiI1xOU0RpY3Rpb25hcnmiIiBfEA9OU0tleWVkQXJjaGl2ZXLRJidUcm9vdIABAAgAEQAaACMALQAyADcAQABGAE0AVQBgAGcAagBsAG4AcQBzAHUAdwCEAI4AuQC+AMYChgKIAo0CmAKhAq8CswK6AsMCyALVAtgC6gLtAvIAAAAAAAACAQAAAAAAAAAoAAAAAAAAAAAAAAAAAAAC9A==}}

@inproceedings{valimaablum1986,
	Author = {Riitta V{\"a}limaa-Blum},
	Booktitle = {Proceedings of the third eastern states conference on linguistics},
	Date-Added = {2018-06-12 15:30:39 +0000},
	Date-Modified = {2018-06-12 15:35:22 +0000},
	Editor = {Fred Marshall},
	Organization = {University of Pittsburgh},
	Title = {Finnish vowel harmony as a prescriptive and descriptive rule: an autosegmental account},
	Year = {1986}}

@article{valimaablum1999,
	Author = {Riitta V{\"a}limaa-Blum},
	Date-Added = {2018-06-12 15:02:12 +0000},
	Date-Modified = {2018-06-12 15:04:30 +0000},
	Journal = {Lingua},
	Pages = {247-268},
	Title = {A feature geometric description of Finnish vowel harmony covering both loans and native words},
	Volume = {108},
	Year = {1999},
	Bdsk-File-1 = {YnBsaXN0MDDUAQIDBAUGJCVYJHZlcnNpb25YJG9iamVjdHNZJGFyY2hpdmVyVCR0b3ASAAGGoKgHCBMUFRYaIVUkbnVsbNMJCgsMDxJXTlMua2V5c1pOUy5vYmplY3RzViRjbGFzc6INDoACgAOiEBGABIAFgAdccmVsYXRpdmVQYXRoWWFsaWFzRGF0YV8QNS4uLy4uL1Jlc291cmNlcy9Bc3NpZ25lZC9GaW5uaXNoL3ZhbGltYWEtYmx1bTE5OTkucGRm0hcLGBlXTlMuZGF0YU8RAeYAAAAAAeYAAgAADE1hY2ludG9zaCBIRAAAAAAAAAAAAAAAAAAAANFS6YxIKwAAA2rZYBR2YWxpbWFhLWJsdW0xOTk5LnBkZgAAAAAAAAAAAAAAAAAAAAAAAAAAAAAAAAAAAAAAAAAAAAAAAAAAAAAAAAADauSV10VbFFBERiBDQVJPAAIABAAACSAAAAAAAAAAAAAAAAAAAAAHRmlubmlzaAAAEAAIAADRUyHMAAAAEQAIAADXRZNUAAAAAQAcA2rZYAMUcJYDFG/nAoQ/rwAJ4PIACaQ1AAKYNwACAF1NYWNpbnRvc2ggSEQ6VXNlcnM6AGxhZHlidWc6AERyb3Bib3g6AFFQMjoAUmVzb3VyY2VzOgBBc3NpZ25lZDoARmlubmlzaDoAdmFsaW1hYS1ibHVtMTk5OS5wZGYAAA4AKgAUAHYAYQBsAGkAbQBhAGEALQBiAGwAdQBtADEAOQA5ADkALgBwAGQAZgAPABoADABNAGEAYwBpAG4AdABvAHMAaAAgAEgARAASAElVc2Vycy9sYWR5YnVnL0Ryb3Bib3gvUVAyL1Jlc291cmNlcy9Bc3NpZ25lZC9GaW5uaXNoL3ZhbGltYWEtYmx1bTE5OTkucGRmAAATAAEvAAAVAAIADv//AACABtIbHB0eWiRjbGFzc25hbWVYJGNsYXNzZXNdTlNNdXRhYmxlRGF0YaMdHyBWTlNEYXRhWE5TT2JqZWN00hscIiNcTlNEaWN0aW9uYXJ5oiIgXxAPTlNLZXllZEFyY2hpdmVy0SYnVHJvb3SAAQAIABEAGgAjAC0AMgA3AEAARgBNAFUAYABnAGoAbABuAHEAcwB1AHcAhACOAMYAywDTAr0CvwLEAs8C2ALmAuoC8QL6Av8DDAMPAyEDJAMpAAAAAAAAAgEAAAAAAAAAKAAAAAAAAAAAAAAAAAAAAys=}}

@article{rogerspullum2011,
	Author = {James Rogers and Geoffrey Pullum},
	Date-Added = {2018-05-25 04:30:33 +0000},
	Date-Modified = {2018-05-25 04:35:39 +0000},
	Journal = {Journal of Logic, Language, and Information},
	Pages = {329-342},
	Title = {Aural pattern recognition experiments and the subregular hierarchy},
	Volume = {20},
	Year = {2011},
	Bdsk-File-1 = {YnBsaXN0MDDUAQIDBAUGJCVYJHZlcnNpb25YJG9iamVjdHNZJGFyY2hpdmVyVCR0b3ASAAGGoKgHCBMUFRYaIVUkbnVsbNMJCgsMDxJXTlMua2V5c1pOUy5vYmplY3RzViRjbGFzc6INDoACgAOiEBGABIAFgAdccmVsYXRpdmVQYXRoWWFsaWFzRGF0YV8QHi4uLy4uL1Jlc291cmNlcy9Nb0wxMGZpbmFsLnBkZtIXCxgZV05TLmRhdGFPEQGiAAAAAAGiAAIAAAxNYWNpbnRvc2ggSEQAAAAAAAAAAAAAAAAAAADRUumMSCsAAAMUb+cOTW9MMTBmaW5hbC5wZGYAAAAAAAAAAAAAAAAAAAAAAAAAAAAAAAAAAAAAAAAAAAAAAAAAAAAAAAAAAAAAAAAAA2I6W9ctCcoAAAAAAAAAAAACAAIAAAkgAAAAAAAAAAAAAAAAAAAACVJlc291cmNlcwAAEAAIAADRUyHMAAAAEQAIAADXLUIKAAAAAQAUAxRv5wKEP68ACeDyAAmkNQACmDcAAgBETWFjaW50b3NoIEhEOlVzZXJzOgBsYWR5YnVnOgBEcm9wYm94OgBRUDI6AFJlc291cmNlczoATW9MMTBmaW5hbC5wZGYADgAeAA4ATQBvAEwAMQAwAGYAaQBuAGEAbAAuAHAAZABmAA8AGgAMAE0AYQBjAGkAbgB0AG8AcwBoACAASABEABIAMlVzZXJzL2xhZHlidWcvRHJvcGJveC9RUDIvUmVzb3VyY2VzL01vTDEwZmluYWwucGRmABMAAS8AABUAAgAO//8AAIAG0hscHR5aJGNsYXNzbmFtZVgkY2xhc3Nlc11OU011dGFibGVEYXRhox0fIFZOU0RhdGFYTlNPYmplY3TSGxwiI1xOU0RpY3Rpb25hcnmiIiBfEA9OU0tleWVkQXJjaGl2ZXLRJidUcm9vdIABAAgAEQAaACMALQAyADcAQABGAE0AVQBgAGcAagBsAG4AcQBzAHUAdwCEAI4ArwC0ALwCYgJkAmkCdAJ9AosCjwKWAp8CpAKxArQCxgLJAs4AAAAAAAACAQAAAAAAAAAoAAAAAAAAAAAAAAAAAAAC0A==}}

@article{heinzidsardi2013,
	Author = {Jeffrey Heinz and William Idsardi},
	Date-Added = {2018-05-25 04:19:58 +0000},
	Date-Modified = {2018-05-25 04:24:10 +0000},
	Journal = {Topics in Cognitive Science},
	Number = {1},
	Pages = {111-131},
	Title = {What complexity differences reveal about domains in language},
	Volume = {5},
	Year = {2013},
	Bdsk-File-1 = {YnBsaXN0MDDUAQIDBAUGJCVYJHZlcnNpb25YJG9iamVjdHNZJGFyY2hpdmVyVCR0b3ASAAGGoKgHCBMUFRYaIVUkbnVsbNMJCgsMDxJXTlMua2V5c1pOUy5vYmplY3RzViRjbGFzc6INDoACgAOiEBGABIAFgAdccmVsYXRpdmVQYXRoWWFsaWFzRGF0YV8QLi4uLy4uL1Jlc291cmNlcy9IZWluei1JZHNhcmRpLTIwMTItV0NEUkFETC5wZGbSFwsYGVdOUy5kYXRhTxEB4gAAAAAB4gACAAAMTWFjaW50b3NoIEhEAAAAAAAAAAAAAAAAAAAA0VLpjEgrAAADFG/nHkhlaW56LUlkc2FyZGktMjAxMi1XQ0RSQURMLnBkZgAAAAAAAAAAAAAAAAAAAAAAAAAAAAAAAAAAAAAAAAAAAANiNCvXLQazAAAAAAAAAAAAAgACAAAJIAAAAAAAAAAAAAAAAAAAAAlSZXNvdXJjZXMAABAACAAA0VMhzAAAABEACAAA1y0+8wAAAAEAFAMUb+cChD+vAAng8gAJpDUAApg3AAIAVE1hY2ludG9zaCBIRDpVc2VyczoAbGFkeWJ1ZzoARHJvcGJveDoAUVAyOgBSZXNvdXJjZXM6AEhlaW56LUlkc2FyZGktMjAxMi1XQ0RSQURMLnBkZgAOAD4AHgBIAGUAaQBuAHoALQBJAGQAcwBhAHIAZABpAC0AMgAwADEAMgAtAFcAQwBEAFIAQQBEAEwALgBwAGQAZgAPABoADABNAGEAYwBpAG4AdABvAHMAaAAgAEgARAASAEJVc2Vycy9sYWR5YnVnL0Ryb3Bib3gvUVAyL1Jlc291cmNlcy9IZWluei1JZHNhcmRpLTIwMTItV0NEUkFETC5wZGYAEwABLwAAFQACAA7//wAAgAbSGxwdHlokY2xhc3NuYW1lWCRjbGFzc2VzXU5TTXV0YWJsZURhdGGjHR8gVk5TRGF0YVhOU09iamVjdNIbHCIjXE5TRGljdGlvbmFyeaIiIF8QD05TS2V5ZWRBcmNoaXZlctEmJ1Ryb290gAEACAARABoAIwAtADIANwBAAEYATQBVAGAAZwBqAGwAbgBxAHMAdQB3AIQAjgC/AMQAzAKyArQCuQLEAs0C2wLfAuYC7wL0AwEDBAMWAxkDHgAAAAAAAAIBAAAAAAAAACgAAAAAAAAAAAAAAAAAAAMg}}

@inproceedings{jardineheinz2015,
	Address = {Chicago, USA},
	Author = {Adam Jardine and Jeffrey Heinz},
	Booktitle = {Proceedings of the 14th Annual Meeting on the Mathematics of Language (MoL 2015)},
	Date-Added = {2018-05-17 00:40:45 +0000},
	Date-Modified = {2018-05-17 00:43:18 +0000},
	Organization = {Association for Computational Linguistics},
	Pages = {139-151},
	Title = {A concatenation operation to derive autosegmental graphs},
	Year = {2015}}

@article{heinz2010,
	Author = {Jeffrey Heinz},
	Date-Added = {2018-05-16 12:20:15 +0000},
	Date-Modified = {2018-05-16 12:21:46 +0000},
	Journal = {Linguistic Inquiry},
	Number = {4},
	Pages = {623-661},
	Title = {Learning long-distance phonotactics},
	Volume = {41},
	Year = {2010},
	Bdsk-File-1 = {YnBsaXN0MDDUAQIDBAUGJCVYJHZlcnNpb25YJG9iamVjdHNZJGFyY2hpdmVyVCR0b3ASAAGGoKgHCBMUFRYaIVUkbnVsbNMJCgsMDxJXTlMua2V5c1pOUy5vYmplY3RzViRjbGFzc6INDoACgAOiEBGABIAFgAdccmVsYXRpdmVQYXRoWWFsaWFzRGF0YV8QJi4uLy4uL1Jlc291cmNlcy9oZWluejEwbGVhcm5pbmdsZHAucGRm0hcLGBlXTlMuZGF0YU8RAcIAAAAAAcIAAgAADE1hY2ludG9zaCBIRAAAAAAAAAAAAAAAAAAAANFS6YxIKwAAAxRv5xZoZWluejEwbGVhcm5pbmdsZHAucGRmAAAAAAAAAAAAAAAAAAAAAAAAAAAAAAAAAAAAAAAAAAAAAAAAAAAAAAADPhp21upzrQAAAAAAAAAAAAIAAgAACSAAAAAAAAAAAAAAAAAAAAAJUmVzb3VyY2VzAAAQAAgAANFTIcwAAAARAAgAANbqq+0AAAABABQDFG/nAoQ/rwAJ4PIACaQ1AAKYNwACAExNYWNpbnRvc2ggSEQ6VXNlcnM6AGxhZHlidWc6AERyb3Bib3g6AFFQMjoAUmVzb3VyY2VzOgBoZWluejEwbGVhcm5pbmdsZHAucGRmAA4ALgAWAGgAZQBpAG4AegAxADAAbABlAGEAcgBuAGkAbgBnAGwAZABwAC4AcABkAGYADwAaAAwATQBhAGMAaQBuAHQAbwBzAGgAIABIAEQAEgA6VXNlcnMvbGFkeWJ1Zy9Ecm9wYm94L1FQMi9SZXNvdXJjZXMvaGVpbnoxMGxlYXJuaW5nbGRwLnBkZgATAAEvAAAVAAIADv//AACABtIbHB0eWiRjbGFzc25hbWVYJGNsYXNzZXNdTlNNdXRhYmxlRGF0YaMdHyBWTlNEYXRhWE5TT2JqZWN00hscIiNcTlNEaWN0aW9uYXJ5oiIgXxAPTlNLZXllZEFyY2hpdmVy0SYnVHJvb3SAAQAIABEAGgAjAC0AMgA3AEAARgBNAFUAYABnAGoAbABuAHEAcwB1AHcAhACOALcAvADEAooCjAKRApwCpQKzArcCvgLHAswC2QLcAu4C8QL2AAAAAAAAAgEAAAAAAAAAKAAAAAAAAAAAAAAAAAAAAvg=}}

@article{graf2017,
	Author = {Thomas Graf},
	Date-Added = {2018-05-16 03:37:27 +0000},
	Date-Modified = {2018-05-16 03:38:54 +0000},
	Journal = {Phonology},
	Pages = {385-405},
	Title = {The Power of Locality Domains in Phonology},
	Volume = {34},
	Year = {2017},
	Bdsk-File-1 = {YnBsaXN0MDDUAQIDBAUGJCVYJHZlcnNpb25YJG9iamVjdHNZJGFyY2hpdmVyVCR0b3ASAAGGoKgHCBMUFRYaIVUkbnVsbNMJCgsMDxJXTlMua2V5c1pOUy5vYmplY3RzViRjbGFzc6INDoACgAOiEBGABIAFgAdccmVsYXRpdmVQYXRoWWFsaWFzRGF0YV8QIy4uLy4uL1Jlc291cmNlcy9HcmFmMTdQaG9ub2xvZ3kucGRm0hcLGBlXTlMuZGF0YU8RAbgAAAAAAbgAAgAADE1hY2ludG9zaCBIRAAAAAAAAAAAAAAAAAAAANFS6YxIKwAAAxRv5xNHcmFmMTdQaG9ub2xvZ3kucGRmAAAAAAAAAAAAAAAAAAAAAAAAAAAAAAAAAAAAAAAAAAAAAAAAAAAAAAAAAAAChH2r1Vr6uQAAAAAAAAAAAAIAAgAACSAAAAAAAAAAAAAAAAAAAAAJUmVzb3VyY2VzAAAQAAgAANFTIcwAAAARAAgAANVbMvkAAAABABQDFG/nAoQ/rwAJ4PIACaQ1AAKYNwACAElNYWNpbnRvc2ggSEQ6VXNlcnM6AGxhZHlidWc6AERyb3Bib3g6AFFQMjoAUmVzb3VyY2VzOgBHcmFmMTdQaG9ub2xvZ3kucGRmAAAOACgAEwBHAHIAYQBmADEANwBQAGgAbwBuAG8AbABvAGcAeQAuAHAAZABmAA8AGgAMAE0AYQBjAGkAbgB0AG8AcwBoACAASABEABIAN1VzZXJzL2xhZHlidWcvRHJvcGJveC9RUDIvUmVzb3VyY2VzL0dyYWYxN1Bob25vbG9neS5wZGYAABMAAS8AABUAAgAO//8AAIAG0hscHR5aJGNsYXNzbmFtZVgkY2xhc3Nlc11OU011dGFibGVEYXRhox0fIFZOU0RhdGFYTlNPYmplY3TSGxwiI1xOU0RpY3Rpb25hcnmiIiBfEA9OU0tleWVkQXJjaGl2ZXLRJidUcm9vdIABAAgAEQAaACMALQAyADcAQABGAE0AVQBgAGcAagBsAG4AcQBzAHUAdwCEAI4AtAC5AMECfQJ/AoQCjwKYAqYCqgKxAroCvwLMAs8C4QLkAukAAAAAAAACAQAAAAAAAAAoAAAAAAAAAAAAAAAAAAAC6w==}}

@book{archangelipulleyblank1994,
	Author = {Diana Archangeli and Douglas Pulleyblank},
	Date-Added = {2018-05-15 23:58:56 +0000},
	Date-Modified = {2018-05-16 00:00:22 +0000},
	Publisher = {MIT Press},
	Title = {Grounded Phonology},
	Volume = {25},
	Year = {1994}}

@inproceedings{ringen1980,
	Author = {Catherine Ringen},
	Booktitle = {Issues in Vowel Harmony: Proceedings of the CUNY Linguistics Conference on Vowel Harmony},
	Date-Added = {2018-05-09 16:20:49 +0000},
	Date-Modified = {2018-05-09 16:25:49 +0000},
	Editor = {Robert Vago},
	Publisher = {John Benjamins Publishing Company},
	Title = {A concrete analysis of Hungarian vowel harmony},
	Volume = {May 14, 1977},
	Year = {1980},
	Bdsk-File-1 = {YnBsaXN0MDDUAQIDBAUGJCVYJHZlcnNpb25YJG9iamVjdHNZJGFyY2hpdmVyVCR0b3ASAAGGoKgHCBMUFRYaIVUkbnVsbNMJCgsMDxJXTlMua2V5c1pOUy5vYmplY3RzViRjbGFzc6INDoACgAOiEBGABIAFgAdccmVsYXRpdmVQYXRoWWFsaWFzRGF0YV8QNS4uLy4uL1Jlc291cmNlcy9Wb3dlbCBIYXJtb255L1JpbmdlbjgwSHVuZ2FyaWFuVkgucGRm0hcLGBlXTlMuZGF0YU8RAewAAAAAAewAAgAADE1hY2ludG9zaCBIRAAAAAAAAAAAAAAAAAAAANFS6YxIKwAAAyVrUBdSaW5nZW44MEh1bmdhcmlhblZILnBkZgAAAAAAAAAAAAAAAAAAAAAAAAAAAAAAAAAAAAAAAAAAAAAAAAAAAAADJWx31rnyQwAAAAAAAAAAAAIAAwAACSAAAAAAAAAAAAAAAAAAAAANVm93ZWwgSGFybW9ueQAAEAAIAADRUyHMAAAAEQAIAADWujiTAAAAAQAYAyVrUAMUb+cChD+vAAng8gAJpDUAApg3AAIAXE1hY2ludG9zaCBIRDpVc2VyczoAbGFkeWJ1ZzoARHJvcGJveDoAUVAyOgBSZXNvdXJjZXM6AFZvd2VsIEhhcm1vbnk6AFJpbmdlbjgwSHVuZ2FyaWFuVkgucGRmAA4AMAAXAFIAaQBuAGcAZQBuADgAMABIAHUAbgBnAGEAcgBpAGEAbgBWAEgALgBwAGQAZgAPABoADABNAGEAYwBpAG4AdABvAHMAaAAgAEgARAASAElVc2Vycy9sYWR5YnVnL0Ryb3Bib3gvUVAyL1Jlc291cmNlcy9Wb3dlbCBIYXJtb255L1JpbmdlbjgwSHVuZ2FyaWFuVkgucGRmAAATAAEvAAAVAAIADv//AACABtIbHB0eWiRjbGFzc25hbWVYJGNsYXNzZXNdTlNNdXRhYmxlRGF0YaMdHyBWTlNEYXRhWE5TT2JqZWN00hscIiNcTlNEaWN0aW9uYXJ5oiIgXxAPTlNLZXllZEFyY2hpdmVy0SYnVHJvb3SAAQAIABEAGgAjAC0AMgA3AEAARgBNAFUAYABnAGoAbABuAHEAcwB1AHcAhACOAMYAywDTAsMCxQLKAtUC3gLsAvAC9wMAAwUDEgMVAycDKgMvAAAAAAAAAgEAAAAAAAAAKAAAAAAAAAAAAAAAAAAAAzE=}}

@article{ringenvago1998,
	Author = {Catherine Ringen and Robert Vago},
	Date-Added = {2018-05-09 16:14:49 +0000},
	Date-Modified = {2018-05-16 14:09:36 +0000},
	Journal = {Phonology},
	Pages = {393-416},
	Title = {Hungarian Vowel Harmony in Optimality},
	Volume = {15},
	Year = {1998},
	Bdsk-File-1 = {YnBsaXN0MDDUAQIDBAUGJCVYJHZlcnNpb25YJG9iamVjdHNZJGFyY2hpdmVyVCR0b3ASAAGGoKgHCBMUFRYaIVUkbnVsbNMJCgsMDxJXTlMua2V5c1pOUy5vYmplY3RzViRjbGFzc6INDoACgAOiEBGABIAFgAdccmVsYXRpdmVQYXRoWWFsaWFzRGF0YV8QLi4uLy4uL1Jlc291cmNlcy9Wb3dlbCBIYXJtb255L3JpbmdlbnZhZ285OC5wZGbSFwsYGVdOUy5kYXRhTxEB0AAAAAAB0AACAAAMTWFjaW50b3NoIEhEAAAAAAAAAAAAAAAAAAAA0VLpjEgrAAADJWtQEHJpbmdlbnZhZ285OC5wZGYAAAAAAAAAAAAAAAAAAAAAAAAAAAAAAAAAAAAAAAAAAAAAAAAAAAAAAAAAAAAAAANak/jXGJOZAAAAAAAAAAAAAgADAAAJIAAAAAAAAAAAAAAAAAAAAA1Wb3dlbCBIYXJtb255AAAQAAgAANFTIcwAAAARAAgAANcYy9kAAAABABgDJWtQAxRv5wKEP68ACeDyAAmkNQACmDcAAgBVTWFjaW50b3NoIEhEOlVzZXJzOgBsYWR5YnVnOgBEcm9wYm94OgBRUDI6AFJlc291cmNlczoAVm93ZWwgSGFybW9ueToAcmluZ2VudmFnbzk4LnBkZgAADgAiABAAcgBpAG4AZwBlAG4AdgBhAGcAbwA5ADgALgBwAGQAZgAPABoADABNAGEAYwBpAG4AdABvAHMAaAAgAEgARAASAEJVc2Vycy9sYWR5YnVnL0Ryb3Bib3gvUVAyL1Jlc291cmNlcy9Wb3dlbCBIYXJtb255L3JpbmdlbnZhZ285OC5wZGYAEwABLwAAFQACAA7//wAAgAbSGxwdHlokY2xhc3NuYW1lWCRjbGFzc2VzXU5TTXV0YWJsZURhdGGjHR8gVk5TRGF0YVhOU09iamVjdNIbHCIjXE5TRGljdGlvbmFyeaIiIF8QD05TS2V5ZWRBcmNoaXZlctEmJ1Ryb290gAEACAARABoAIwAtADIANwBAAEYATQBVAGAAZwBqAGwAbgBxAHMAdQB3AIQAjgC/AMQAzAKgAqICpwKyArsCyQLNAtQC3QLiAu8C8gMEAwcDDAAAAAAAAAIBAAAAAAAAACgAAAAAAAAAAAAAAAAAAAMO}}

@article{walkeroroquen,
	Author = {Rachel Walker},
	Date-Added = {2018-05-07 18:01:54 +0000},
	Date-Modified = {2018-05-07 18:03:25 +0000},
	Journal = {Linguistic Inquiry},
	Number = {3},
	Pages = {501-523},
	Title = {Nonlocal Trigger-Target Relations},
	Volume = {45},
	Year = {2014},
	Bdsk-File-1 = {YnBsaXN0MDDUAQIDBAUGJCVYJHZlcnNpb25YJG9iamVjdHNZJGFyY2hpdmVyVCR0b3ASAAGGoKgHCBMUFRYaIVUkbnVsbNMJCgsMDxJXTlMua2V5c1pOUy5vYmplY3RzViRjbGFzc6INDoACgAOiEBGABIAFgAdccmVsYXRpdmVQYXRoWWFsaWFzRGF0YV8QJy4uLy4uL1Jlc291cmNlcy9Bc3NpZ25lZC9XYWxrZXIyMDE0LnBkZtIXCxgZV05TLmRhdGFPEQG4AAAAAAG4AAIAAAxNYWNpbnRvc2ggSEQAAAAAAAAAAAAAAAAAAADRUumMSCsAAAMUcJYOV2Fsa2VyMjAxNC5wZGYAAAAAAAAAAAAAAAAAAAAAAAAAAAAAAAAAAAAAAAAAAAAAAAAAAAAAAAAAAAAAAAAAA1iQ4tcWDDsAAAAAAAAAAAACAAMAAAkgAAAAAAAAAAAAAAAAAAAACEFzc2lnbmVkABAACAAA0VMhzAAAABEACAAA1xZEewAAAAEAGAMUcJYDFG/nAoQ/rwAJ4PIACaQ1AAKYNwACAE5NYWNpbnRvc2ggSEQ6VXNlcnM6AGxhZHlidWc6AERyb3Bib3g6AFFQMjoAUmVzb3VyY2VzOgBBc3NpZ25lZDoAV2Fsa2VyMjAxNC5wZGYADgAeAA4AVwBhAGwAawBlAHIAMgAwADEANAAuAHAAZABmAA8AGgAMAE0AYQBjAGkAbgB0AG8AcwBoACAASABEABIAO1VzZXJzL2xhZHlidWcvRHJvcGJveC9RUDIvUmVzb3VyY2VzL0Fzc2lnbmVkL1dhbGtlcjIwMTQucGRmAAATAAEvAAAVAAIADv//AACABtIbHB0eWiRjbGFzc25hbWVYJGNsYXNzZXNdTlNNdXRhYmxlRGF0YaMdHyBWTlNEYXRhWE5TT2JqZWN00hscIiNcTlNEaWN0aW9uYXJ5oiIgXxAPTlNLZXllZEFyY2hpdmVy0SYnVHJvb3SAAQAIABEAGgAjAC0AMgA3AEAARgBNAFUAYABnAGoAbABuAHEAcwB1AHcAhACOALgAvQDFAoECgwKIApMCnAKqAq4CtQK+AsMC0ALTAuUC6ALtAAAAAAAAAgEAAAAAAAAAKAAAAAAAAAAAAAAAAAAAAu8=}}

@inproceedings{heinzetaltsl,
	Author = {Jeffrey Heinz and Chetan Rawal and Herbert G. Tanner},
	Booktitle = {Proceedings of the 49th Annual Meeting of the Association for Computational Linguistics: Human Language Technologies: short papers},
	Date-Added = {2018-04-23 23:17:41 +0000},
	Date-Modified = {2018-04-23 23:20:55 +0000},
	Organization = {Association for Computational Linguistics},
	Title = {Tier-based strictly local constraints for phonology},
	Volume = {2},
	Year = {2011},
	Bdsk-File-1 = {YnBsaXN0MDDUAQIDBAUGJCVYJHZlcnNpb25YJG9iamVjdHNZJGFyY2hpdmVyVCR0b3ASAAGGoKgHCBMUFRYaIVUkbnVsbNMJCgsMDxJXTlMua2V5c1pOUy5vYmplY3RzViRjbGFzc6INDoACgAOiEBGABIAFgAdccmVsYXRpdmVQYXRoWWFsaWFzRGF0YV8QIS4uLy4uL1Jlc291cmNlcy9oZWluemV0YWwyMDExLnBkZtIXCxgZV05TLmRhdGFPEQGwAAAAAAGwAAIAAAxNYWNpbnRvc2ggSEQAAAAAAAAAAAAAAAAAAADRUumMSCsAAAMUb+cRaGVpbnpldGFsMjAxMS5wZGYAAAAAAAAAAAAAAAAAAAAAAAAAAAAAAAAAAAAAAAAAAAAAAAAAAAAAAAAAAAAAA0rLz9cD4bAAAAAAAAAAAAACAAIAAAkgAAAAAAAAAAAAAAAAAAAACVJlc291cmNlcwAAEAAIAADRUyHMAAAAEQAIAADXBBnwAAAAAQAUAxRv5wKEP68ACeDyAAmkNQACmDcAAgBHTWFjaW50b3NoIEhEOlVzZXJzOgBsYWR5YnVnOgBEcm9wYm94OgBRUDI6AFJlc291cmNlczoAaGVpbnpldGFsMjAxMS5wZGYAAA4AJAARAGgAZQBpAG4AegBlAHQAYQBsADIAMAAxADEALgBwAGQAZgAPABoADABNAGEAYwBpAG4AdABvAHMAaAAgAEgARAASADVVc2Vycy9sYWR5YnVnL0Ryb3Bib3gvUVAyL1Jlc291cmNlcy9oZWluemV0YWwyMDExLnBkZgAAEwABLwAAFQACAA7//wAAgAbSGxwdHlokY2xhc3NuYW1lWCRjbGFzc2VzXU5TTXV0YWJsZURhdGGjHR8gVk5TRGF0YVhOU09iamVjdNIbHCIjXE5TRGljdGlvbmFyeaIiIF8QD05TS2V5ZWRBcmNoaXZlctEmJ1Ryb290gAEACAARABoAIwAtADIANwBAAEYATQBVAGAAZwBqAGwAbgBxAHMAdQB3AIQAjgCyALcAvwJzAnUCegKFAo4CnAKgAqcCsAK1AsICxQLXAtoC3wAAAAAAAAIBAAAAAAAAACgAAAAAAAAAAAAAAAAAAALh}}

@phdthesis{leben1973,
	Author = {William Leben},
	Date-Added = {2018-04-23 22:53:40 +0000},
	Date-Modified = {2018-04-23 22:54:55 +0000},
	School = {Massachusetts Institute of Technology},
	Title = {Suprasegmental Phonology},
	Year = {1973},
	Bdsk-File-1 = {YnBsaXN0MDDUAQIDBAUGJCVYJHZlcnNpb25YJG9iamVjdHNZJGFyY2hpdmVyVCR0b3ASAAGGoKgHCBMUFRYaIVUkbnVsbNMJCgsMDxJXTlMua2V5c1pOUy5vYmplY3RzViRjbGFzc6INDoACgAOiEBGABIAFgAdccmVsYXRpdmVQYXRoWWFsaWFzRGF0YV8QHS4uLy4uL1Jlc291cmNlcy9sZWJlbjE5NzMucGRm0hcLGBlXTlMuZGF0YU8RAaAAAAAAAaAAAgAADE1hY2ludG9zaCBIRAAAAAAAAAAAAAAAAAAAANFS6YxIKwAAAxRv5w1sZWJlbjE5NzMucGRmAAAAAAAAAAAAAAAAAAAAAAAAAAAAAAAAAAAAAAAAAAAAAAAAAAAAAAAAAAAAAAAAAAADSsFH1wPbiQAAAAAAAAAAAAIAAgAACSAAAAAAAAAAAAAAAAAAAAAJUmVzb3VyY2VzAAAQAAgAANFTIcwAAAARAAgAANcEE8kAAAABABQDFG/nAoQ/rwAJ4PIACaQ1AAKYNwACAENNYWNpbnRvc2ggSEQ6VXNlcnM6AGxhZHlidWc6AERyb3Bib3g6AFFQMjoAUmVzb3VyY2VzOgBsZWJlbjE5NzMucGRmAAAOABwADQBsAGUAYgBlAG4AMQA5ADcAMwAuAHAAZABmAA8AGgAMAE0AYQBjAGkAbgB0AG8AcwBoACAASABEABIAMVVzZXJzL2xhZHlidWcvRHJvcGJveC9RUDIvUmVzb3VyY2VzL2xlYmVuMTk3My5wZGYAABMAAS8AABUAAgAO//8AAIAG0hscHR5aJGNsYXNzbmFtZVgkY2xhc3Nlc11OU011dGFibGVEYXRhox0fIFZOU0RhdGFYTlNPYmplY3TSGxwiI1xOU0RpY3Rpb25hcnmiIiBfEA9OU0tleWVkQXJjaGl2ZXLRJidUcm9vdIABAAgAEQAaACMALQAyADcAQABGAE0AVQBgAGcAagBsAG4AcQBzAHUAdwCEAI4ArgCzALsCXwJhAmYCcQJ6AogCjAKTApwCoQKuArECwwLGAssAAAAAAAACAQAAAAAAAAAoAAAAAAAAAAAAAAAAAAACzQ==}}

@article{jardineexpressag,
	Author = {Adam Jardine},
	Date-Added = {2018-04-23 22:15:23 +0000},
	Date-Modified = {2018-05-17 00:21:04 +0000},
	Title = {The expressivity of autosegmental grammars},
	Year = {2018},
	Bdsk-File-1 = {YnBsaXN0MDDUAQIDBAUGJCVYJHZlcnNpb25YJG9iamVjdHNZJGFyY2hpdmVyVCR0b3ASAAGGoKgHCBMUFRYaIVUkbnVsbNMJCgsMDxJXTlMua2V5c1pOUy5vYmplY3RzViRjbGFzc6INDoACgAOiEBGABIAFgAdccmVsYXRpdmVQYXRoWWFsaWFzRGF0YV8QNS4uLy4uL1Jlc291cmNlcy9Bc3NpZ25lZC9kci5hdXRvc2VnbWVudGFsZ3JhbW1hcnMucGRm0hcLGBlXTlMuZGF0YU8RAfAAAAAAAfAAAgAADE1hY2ludG9zaCBIRAAAAAAAAAAAAAAAAAAAANFS6YxIKwAAAxRwlhxkci5hdXRvc2VnbWVudGFsZ3JhbW1hcnMucGRmAAAAAAAAAAAAAAAAAAAAAAAAAAAAAAAAAAAAAAAAAAAAAAADSmQt1wOSOwAAAAAAAAAAAAIAAwAACSAAAAAAAAAAAAAAAAAAAAAIQXNzaWduZWQAEAAIAADRUyHMAAAAEQAIAADXA8p7AAAAAQAYAxRwlgMUb+cChD+vAAng8gAJpDUAApg3AAIAXE1hY2ludG9zaCBIRDpVc2VyczoAbGFkeWJ1ZzoARHJvcGJveDoAUVAyOgBSZXNvdXJjZXM6AEFzc2lnbmVkOgBkci5hdXRvc2VnbWVudGFsZ3JhbW1hcnMucGRmAA4AOgAcAGQAcgAuAGEAdQB0AG8AcwBlAGcAbQBlAG4AdABhAGwAZwByAGEAbQBtAGEAcgBzAC4AcABkAGYADwAaAAwATQBhAGMAaQBuAHQAbwBzAGgAIABIAEQAEgBJVXNlcnMvbGFkeWJ1Zy9Ecm9wYm94L1FQMi9SZXNvdXJjZXMvQXNzaWduZWQvZHIuYXV0b3NlZ21lbnRhbGdyYW1tYXJzLnBkZgAAEwABLwAAFQACAA7//wAAgAbSGxwdHlokY2xhc3NuYW1lWCRjbGFzc2VzXU5TTXV0YWJsZURhdGGjHR8gVk5TRGF0YVhOU09iamVjdNIbHCIjXE5TRGljdGlvbmFyeaIiIF8QD05TS2V5ZWRBcmNoaXZlctEmJ1Ryb290gAEACAARABoAIwAtADIANwBAAEYATQBVAGAAZwBqAGwAbgBxAHMAdQB3AIQAjgDGAMsA0wLHAskCzgLZAuIC8AL0AvsDBAMJAxYDGQMrAy4DMwAAAAAAAAIBAAAAAAAAACgAAAAAAAAAAAAAAAAAAAM1}}

@incollection{padgett1995,
	Author = {Jaye Padgett},
	Booktitle = {Papers in Optimality Theory},
	Date-Added = {2018-04-23 21:38:04 +0000},
	Date-Modified = {2018-04-23 21:40:59 +0000},
	Editor = {J. Beckman and S. Urbanczyk and L. Walsh},
	Pages = {385-420},
	Series = {University of Massachusetts Occasional Papers},
	Title = {Feature Classes},
	Volume = {18},
	Year = {1995},
	Bdsk-File-1 = {YnBsaXN0MDDUAQIDBAUGJCVYJHZlcnNpb25YJG9iamVjdHNZJGFyY2hpdmVyVCR0b3ASAAGGoKgHCBMUFRYaIVUkbnVsbNMJCgsMDxJXTlMua2V5c1pOUy5vYmplY3RzViRjbGFzc6INDoACgAOiEBGABIAFgAdccmVsYXRpdmVQYXRoWWFsaWFzRGF0YV8QLS4uLy4uL1Jlc291cmNlcy9Wb3dlbCBIYXJtb255L3BhZGdldHQxOTk1LnBkZtIXCxgZV05TLmRhdGFPEQHMAAAAAAHMAAIAAAxNYWNpbnRvc2ggSEQAAAAAAAAAAAAAAAAAAADRUumMSCsAAAMla1APcGFkZ2V0dDE5OTUucGRmAAAAAAAAAAAAAAAAAAAAAAAAAAAAAAAAAAAAAAAAAAAAAAAAAAAAAAAAAAAAAAAAA0qjA9cDyeEAAAAAAAAAAAACAAMAAAkgAAAAAAAAAAAAAAAAAAAADVZvd2VsIEhhcm1vbnkAABAACAAA0VMhzAAAABEACAAA1wQCIQAAAAEAGAMla1ADFG/nAoQ/rwAJ4PIACaQ1AAKYNwACAFRNYWNpbnRvc2ggSEQ6VXNlcnM6AGxhZHlidWc6AERyb3Bib3g6AFFQMjoAUmVzb3VyY2VzOgBWb3dlbCBIYXJtb255OgBwYWRnZXR0MTk5NS5wZGYADgAgAA8AcABhAGQAZwBlAHQAdAAxADkAOQA1AC4AcABkAGYADwAaAAwATQBhAGMAaQBuAHQAbwBzAGgAIABIAEQAEgBBVXNlcnMvbGFkeWJ1Zy9Ecm9wYm94L1FQMi9SZXNvdXJjZXMvVm93ZWwgSGFybW9ueS9wYWRnZXR0MTk5NS5wZGYAABMAAS8AABUAAgAO//8AAIAG0hscHR5aJGNsYXNzbmFtZVgkY2xhc3Nlc11OU011dGFibGVEYXRhox0fIFZOU0RhdGFYTlNPYmplY3TSGxwiI1xOU0RpY3Rpb25hcnmiIiBfEA9OU0tleWVkQXJjaGl2ZXLRJidUcm9vdIABAAgAEQAaACMALQAyADcAQABGAE0AVQBgAGcAagBsAG4AcQBzAHUAdwCEAI4AvgDDAMsCmwKdAqICrQK2AsQCyALPAtgC3QLqAu0C/wMCAwcAAAAAAAACAQAAAAAAAAAoAAAAAAAAAAAAAAAAAAADCQ==}}

@article{walker2010,
	Author = {Rachel Walker},
	Date-Added = {2018-04-23 21:36:14 +0000},
	Date-Modified = {2018-04-23 21:37:42 +0000},
	Journal = {Linguistic Inquiry},
	Number = {1},
	Pages = {169-179},
	Title = {Nonmyopic Harmony and the nature of derivations},
	Volume = {41},
	Year = {2010},
	Bdsk-File-1 = {YnBsaXN0MDDUAQIDBAUGJCVYJHZlcnNpb25YJG9iamVjdHNZJGFyY2hpdmVyVCR0b3ASAAGGoKgHCBMUFRYaIVUkbnVsbNMJCgsMDxJXTlMua2V5c1pOUy5vYmplY3RzViRjbGFzc6INDoACgAOiEBGABIAFgAdccmVsYXRpdmVQYXRoWWFsaWFzRGF0YV8QLC4uLy4uL1Jlc291cmNlcy9Wb3dlbCBIYXJtb255L3dhbGtlcjIwMTAucGRm0hcLGBlXTlMuZGF0YU8RAcgAAAAAAcgAAgAADE1hY2ludG9zaCBIRAAAAAAAAAAAAAAAAAAAANFS6YxIKwAAAyVrUA53YWxrZXIyMDEwLnBkZgAAAAAAAAAAAAAAAAAAAAAAAAAAAAAAAAAAAAAAAAAAAAAAAAAAAAAAAAAAAAAAAAADSqJs1wPJMwAAAAAAAAAAAAIAAwAACSAAAAAAAAAAAAAAAAAAAAANVm93ZWwgSGFybW9ueQAAEAAIAADRUyHMAAAAEQAIAADXBAFzAAAAAQAYAyVrUAMUb+cChD+vAAng8gAJpDUAApg3AAIAU01hY2ludG9zaCBIRDpVc2VyczoAbGFkeWJ1ZzoARHJvcGJveDoAUVAyOgBSZXNvdXJjZXM6AFZvd2VsIEhhcm1vbnk6AHdhbGtlcjIwMTAucGRmAAAOAB4ADgB3AGEAbABrAGUAcgAyADAAMQAwAC4AcABkAGYADwAaAAwATQBhAGMAaQBuAHQAbwBzAGgAIABIAEQAEgBAVXNlcnMvbGFkeWJ1Zy9Ecm9wYm94L1FQMi9SZXNvdXJjZXMvVm93ZWwgSGFybW9ueS93YWxrZXIyMDEwLnBkZgATAAEvAAAVAAIADv//AACABtIbHB0eWiRjbGFzc25hbWVYJGNsYXNzZXNdTlNNdXRhYmxlRGF0YaMdHyBWTlNEYXRhWE5TT2JqZWN00hscIiNcTlNEaWN0aW9uYXJ5oiIgXxAPTlNLZXllZEFyY2hpdmVy0SYnVHJvb3SAAQAIABEAGgAjAC0AMgA3AEAARgBNAFUAYABnAGoAbABuAHEAcwB1AHcAhACOAL0AwgDKApYCmAKdAqgCsQK/AsMCygLTAtgC5QLoAvoC/QMCAAAAAAAAAgEAAAAAAAAAKAAAAAAAAAAAAAAAAAAAAwQ=}}

@incollection{mccarthy2011,
	Author = {John McCarthy},
	Booktitle = {Tones and Features},
	Date-Added = {2018-04-23 21:20:07 +0000},
	Date-Modified = {2018-04-23 21:24:56 +0000},
	Edition = {Clements Memorial Volume},
	Title = {Autosegmental spreading in Optimality Theory},
	Url = {https://scholarworks.umass.edu/linguist_faculty_pubs/27},
	Volume = {27},
	Year = {2011},
	Bdsk-File-1 = {YnBsaXN0MDDUAQIDBAUGJCVYJHZlcnNpb25YJG9iamVjdHNZJGFyY2hpdmVyVCR0b3ASAAGGoKgHCBMUFRYaIVUkbnVsbNMJCgsMDxJXTlMua2V5c1pOUy5vYmplY3RzViRjbGFzc6INDoACgAOiEBGABIAFgAdccmVsYXRpdmVQYXRoWWFsaWFzRGF0YV8QSS4uLy4uL1Jlc291cmNlcy9Bc3NpZ25lZC9BdXRvc2VnbWVudGFsIHNwcmVhZGluZyBpbiBPcHRpbWFsaXR5IFRoZW9yeS5wZGbSFwsYGVdOUy5kYXRhTxECMAAAAAACMAACAAAMTWFjaW50b3NoIEhEAAAAAAAAAAAAAAAAAAAA0VLpjEgrAAADFHCWH0F1dG9zZWdtZW50YWwgc3ByZWEjMzNFNUVENS5wZGYAAAAAAAAAAAAAAAAAAAAAAAAAAAAAAAAAAAAAAAAAAAM+XtXW6tXOAAAAAAAAAAAAAgADAAAJIAAAAAAAAAAAAAAAAAAAAAhBc3NpZ25lZAAQAAgAANFTIcwAAAARAAgAANbrDg4AAAABABgDFHCWAxRv5wKEP68ACeDyAAmkNQACmDcAAgBfTWFjaW50b3NoIEhEOlVzZXJzOgBsYWR5YnVnOgBEcm9wYm94OgBRUDI6AFJlc291cmNlczoAQXNzaWduZWQ6AEF1dG9zZWdtZW50YWwgc3ByZWEjMzNFNUVENS5wZGYAAA4AYgAwAEEAdQB0AG8AcwBlAGcAbQBlAG4AdABhAGwAIABzAHAAcgBlAGEAZABpAG4AZwAgAGkAbgAgAE8AcAB0AGkAbQBhAGwAaQB0AHkAIABUAGgAZQBvAHIAeQAuAHAAZABmAA8AGgAMAE0AYQBjAGkAbgB0AG8AcwBoACAASABEABIAXVVzZXJzL2xhZHlidWcvRHJvcGJveC9RUDIvUmVzb3VyY2VzL0Fzc2lnbmVkL0F1dG9zZWdtZW50YWwgc3ByZWFkaW5nIGluIE9wdGltYWxpdHkgVGhlb3J5LnBkZgAAEwABLwAAFQACAA7//wAAgAbSGxwdHlokY2xhc3NuYW1lWCRjbGFzc2VzXU5TTXV0YWJsZURhdGGjHR8gVk5TRGF0YVhOU09iamVjdNIbHCIjXE5TRGljdGlvbmFyeaIiIF8QD05TS2V5ZWRBcmNoaXZlctEmJ1Ryb290gAEACAARABoAIwAtADIANwBAAEYATQBVAGAAZwBqAGwAbgBxAHMAdQB3AIQAjgDaAN8A5wMbAx0DIgMtAzYDRANIA08DWANdA2oDbQN/A4IDhwAAAAAAAAIBAAAAAAAAACgAAAAAAAAAAAAAAAAAAAOJ}}

@inproceedings{walker2014,
	Author = {Rachel Walker},
	Booktitle = {Proceedings of the Annual Meetings on Phonology},
	Date-Added = {2018-04-23 19:55:19 +0000},
	Date-Modified = {2018-04-23 19:59:27 +0000},
	Title = {Surface Correspondence and Discrete Harmony Triggers},
	Year = {2014},
	Bdsk-File-1 = {YnBsaXN0MDDUAQIDBAUGJCVYJHZlcnNpb25YJG9iamVjdHNZJGFyY2hpdmVyVCR0b3ASAAGGoKgHCBMUFRYaIVUkbnVsbNMJCgsMDxJXTlMua2V5c1pOUy5vYmplY3RzViRjbGFzc6INDoACgAOiEBGABIAFgAdccmVsYXRpdmVQYXRoWWFsaWFzRGF0YV8QNy4uLy4uL1Jlc291cmNlcy9Bc3NpZ25lZC93YWxrZXIyMDE0ZGlzY3JldGV0cmlnZ2Vycy5wZGbSFwsYGVdOUy5kYXRhTxEB+AAAAAAB+AACAAAMTWFjaW50b3NoIEhEAAAAAAAAAAAAAAAAAAAA0VLpjEgrAAADFHCWHndhbGtlcjIwMTRkaXNjcmV0ZXRyaWdnZXJzLnBkZgAAAAAAAAAAAAAAAAAAAAAAAAAAAAAAAAAAAAAAAAAAAANKcqrXA6DyAAAAAAAAAAAAAgADAAAJIAAAAAAAAAAAAAAAAAAAAAhBc3NpZ25lZAAQAAgAANFTIcwAAAARAAgAANcD2TIAAAABABgDFHCWAxRv5wKEP68ACeDyAAmkNQACmDcAAgBeTWFjaW50b3NoIEhEOlVzZXJzOgBsYWR5YnVnOgBEcm9wYm94OgBRUDI6AFJlc291cmNlczoAQXNzaWduZWQ6AHdhbGtlcjIwMTRkaXNjcmV0ZXRyaWdnZXJzLnBkZgAOAD4AHgB3AGEAbABrAGUAcgAyADAAMQA0AGQAaQBzAGMAcgBlAHQAZQB0AHIAaQBnAGcAZQByAHMALgBwAGQAZgAPABoADABNAGEAYwBpAG4AdABvAHMAaAAgAEgARAASAEtVc2Vycy9sYWR5YnVnL0Ryb3Bib3gvUVAyL1Jlc291cmNlcy9Bc3NpZ25lZC93YWxrZXIyMDE0ZGlzY3JldGV0cmlnZ2Vycy5wZGYAABMAAS8AABUAAgAO//8AAIAG0hscHR5aJGNsYXNzbmFtZVgkY2xhc3Nlc11OU011dGFibGVEYXRhox0fIFZOU0RhdGFYTlNPYmplY3TSGxwiI1xOU0RpY3Rpb25hcnmiIiBfEA9OU0tleWVkQXJjaGl2ZXLRJidUcm9vdIABAAgAEQAaACMALQAyADcAQABGAE0AVQBgAGcAagBsAG4AcQBzAHUAdwCEAI4AyADNANUC0QLTAtgC4wLsAvoC/gMFAw4DEwMgAyMDNQM4Az0AAAAAAAACAQAAAAAAAAAoAAAAAAAAAAAAAAAAAAADPw==}}

@article{ringenheinamaki1999,
	Author = {Catherine Ringen and Orvokki Heinamaki},
	Date-Added = {2018-04-23 19:49:34 +0000},
	Date-Modified = {2018-05-17 18:06:45 +0000},
	Journal = {Natural Languge and Linguistic Theory},
	Pages = {303-337},
	Title = {Variation in Finnish Vowel Harmony: an OT account},
	Volume = {17},
	Year = {1999},
	Bdsk-File-1 = {YnBsaXN0MDDUAQIDBAUGJCVYJHZlcnNpb25YJG9iamVjdHNZJGFyY2hpdmVyVCR0b3ASAAGGoKgHCBMUFRYaIVUkbnVsbNMJCgsMDxJXTlMua2V5c1pOUy5vYmplY3RzViRjbGFzc6INDoACgAOiEBGABIAFgAdccmVsYXRpdmVQYXRoWWFsaWFzRGF0YV8QOC4uLy4uL1Jlc291cmNlcy9Bc3NpZ25lZC9GaW5uaXNoL1JpbmdlbkhlaW5hbWFraTE5OTkucGRm0hcLGBlXTlMuZGF0YU8RAfAAAAAAAfAAAgAADE1hY2ludG9zaCBIRAAAAAAAAAAAAAAAAAAAANFS6YxIKwAAA2rZYBdSaW5nZW5IZWluYW1ha2kxOTk5LnBkZgAAAAAAAAAAAAAAAAAAAAAAAAAAAAAAAAAAAAAAAAAAAAAAAAAAAAADdUhT11v+a1BERiBDQVJPAAIABAAACSAAAAAAAAAAAAAAAAAAAAAHRmlubmlzaAAAEAAIAADRUyHMAAAAEQAIAADXXDarAAAAAQAcA2rZYAMUcJYDFG/nAoQ/rwAJ4PIACaQ1AAKYNwACAGBNYWNpbnRvc2ggSEQ6VXNlcnM6AGxhZHlidWc6AERyb3Bib3g6AFFQMjoAUmVzb3VyY2VzOgBBc3NpZ25lZDoARmlubmlzaDoAUmluZ2VuSGVpbmFtYWtpMTk5OS5wZGYADgAwABcAUgBpAG4AZwBlAG4ASABlAGkAbgBhAG0AYQBrAGkAMQA5ADkAOQAuAHAAZABmAA8AGgAMAE0AYQBjAGkAbgB0AG8AcwBoACAASABEABIATFVzZXJzL2xhZHlidWcvRHJvcGJveC9RUDIvUmVzb3VyY2VzL0Fzc2lnbmVkL0Zpbm5pc2gvUmluZ2VuSGVpbmFtYWtpMTk5OS5wZGYAEwABLwAAFQACAA7//wAAgAbSGxwdHlokY2xhc3NuYW1lWCRjbGFzc2VzXU5TTXV0YWJsZURhdGGjHR8gVk5TRGF0YVhOU09iamVjdNIbHCIjXE5TRGljdGlvbmFyeaIiIF8QD05TS2V5ZWRBcmNoaXZlctEmJ1Ryb290gAEACAARABoAIwAtADIANwBAAEYATQBVAGAAZwBqAGwAbgBxAHMAdQB3AIQAjgDJAM4A1gLKAswC0QLcAuUC8wL3Av4DBwMMAxkDHAMuAzEDNgAAAAAAAAIBAAAAAAAAACgAAAAAAAAAAAAAAAAAAAM4}}

@incollection{rosewalker2011,
	Author = {Sharon Rose and Rachel Walker},
	Booktitle = {The Handbook of Phonological Theory},
	Date-Added = {2018-04-19 04:34:01 +0000},
	Date-Modified = {2018-04-23 22:30:39 +0000},
	Editor = {John Goldsmith and Jason Riggle and Alan Yu},
	Pages = {240-290},
	Publisher = {Blackwell},
	Title = {Harmony Systems},
	Year = {2011}}

@inproceedings{jardineheinzcls,
	Author = {Adam Jardine and Jeffrey Heinz},
	Booktitle = {Proceedings of the 51st Annual Meeting of the Chicago Linguistics Society},
	Date-Added = {2018-04-19 04:06:54 +0000},
	Date-Modified = {2018-04-19 04:09:39 +0000},
	Title = {Markedess constraints are negative: An autosegmental constraint definition language},
	Year = {2015},
	Bdsk-File-1 = {YnBsaXN0MDDUAQIDBAUGJCVYJHZlcnNpb25YJG9iamVjdHNZJGFyY2hpdmVyVCR0b3ASAAGGoKgHCBMUFRYaIVUkbnVsbNMJCgsMDxJXTlMua2V5c1pOUy5vYmplY3RzViRjbGFzc6INDoACgAOiEBGABIAFgAdccmVsYXRpdmVQYXRoWWFsaWFzRGF0YV8QLy4uLy4uL1Jlc291cmNlcy9Bc3NpZ25lZC9DTFM1MV9KYXJkaW5lSGVpbnoucGRm0hcLGBlXTlMuZGF0YU8RAdgAAAAAAdgAAgAADE1hY2ludG9zaCBIRAAAAAAAAAAAAAAAAAAAANFS6YxIKwAAAxRwlhZDTFM1MV9KYXJkaW5lSGVpbnoucGRmAAAAAAAAAAAAAAAAAAAAAAAAAAAAAAAAAAAAAAAAAAAAAAAAAAAAAAADPhcf1upqgAAAAAAAAAAAAAIAAwAACSAAAAAAAAAAAAAAAAAAAAAIQXNzaWduZWQAEAAIAADRUyHMAAAAEQAIAADW6qLAAAAAAQAYAxRwlgMUb+cChD+vAAng8gAJpDUAApg3AAIAVk1hY2ludG9zaCBIRDpVc2VyczoAbGFkeWJ1ZzoARHJvcGJveDoAUVAyOgBSZXNvdXJjZXM6AEFzc2lnbmVkOgBDTFM1MV9KYXJkaW5lSGVpbnoucGRmAA4ALgAWAEMATABTADUAMQBfAEoAYQByAGQAaQBuAGUASABlAGkAbgB6AC4AcABkAGYADwAaAAwATQBhAGMAaQBuAHQAbwBzAGgAIABIAEQAEgBDVXNlcnMvbGFkeWJ1Zy9Ecm9wYm94L1FQMi9SZXNvdXJjZXMvQXNzaWduZWQvQ0xTNTFfSmFyZGluZUhlaW56LnBkZgAAEwABLwAAFQACAA7//wAAgAbSGxwdHlokY2xhc3NuYW1lWCRjbGFzc2VzXU5TTXV0YWJsZURhdGGjHR8gVk5TRGF0YVhOU09iamVjdNIbHCIjXE5TRGljdGlvbmFyeaIiIF8QD05TS2V5ZWRBcmNoaXZlctEmJ1Ryb290gAEACAARABoAIwAtADIANwBAAEYATQBVAGAAZwBqAGwAbgBxAHMAdQB3AIQAjgDAAMUAzQKpAqsCsAK7AsQC0gLWAt0C5gLrAvgC+wMNAxADFQAAAAAAAAIBAAAAAAAAACgAAAAAAAAAAAAAAAAAAAMX}}

@book{princesmolensky2004,
	Author = {Alan Prince and Paul Smolensky},
	Date-Added = {2018-04-09 12:59:57 +0000},
	Date-Modified = {2018-04-09 13:00:49 +0000},
	Publisher = {Blackwell},
	Title = {Optimality Theory: Constraint interaction in generative grammar},
	Year = {2004}}

@techreport{princesmolensky1993,
	Author = {Alan Prince and Paul Smolensky},
	Date-Added = {2018-04-09 12:57:20 +0000},
	Date-Modified = {2018-04-09 12:59:48 +0000},
	Institution = {Rutgers University Center for Cognitive Science},
	Number = {2},
	Title = {Optimality Theory: Constraint interaction in generative grammar},
	Year = {1993}}

@inbook{delacy2011,
	Author = {Paul deLacy},
	Date-Added = {2018-04-09 12:20:20 +0000},
	Date-Modified = {2018-04-09 13:21:20 +0000},
	Editor = {Mark van Oostendorp and Colin Ewen and Elizabeth Hume and Keren Rice},
	Pages = {1-22},
	Publisher = {Blackwell},
	Series = {Blackwell Companion to Phonology},
	Title = {Markedness and faithfulness constraints},
	Year = {2011}}

@periodical{nichiosainpadgett2001,
	Author = {M{\'a}ire N{\'\i}Chios{\'a}in and Jaye Padgett},
	Date-Added = {2018-04-09 12:00:10 +0000},
	Date-Modified = {2018-06-19 17:20:59 +0000},
	Howpublished = {Linguistics Research Center},
	Institution = {University of California Santa Cruz},
	Journal = {Segmental phonology in Optimality Theory: Constraints and representations},
	Number = {LRC-97-01},
	Pages = {118-156},
	Title = {Markedness, segment realization, and locality in spreading},
	Year = {2001},
	Bdsk-File-1 = {YnBsaXN0MDDUAQIDBAUGJCVYJHZlcnNpb25YJG9iamVjdHNZJGFyY2hpdmVyVCR0b3ASAAGGoKgHCBMUFRYaIVUkbnVsbNMJCgsMDxJXTlMua2V5c1pOUy5vYmplY3RzViRjbGFzc6INDoACgAOiEBGABIAFgAdccmVsYXRpdmVQYXRoWWFsaWFzRGF0YV8QJi4uLy4uL1Jlc291cmNlcy9yb2EtMTg4LWNoaW9zYWluLTMucGRm0hcLGBlXTlMuZGF0YU8RAcIAAAAAAcIAAgAADE1hY2ludG9zaCBIRAAAAAAAAAAAAAAAAAAAANFS6YxIKwAAAxRv5xZyb2EtMTg4LWNoaW9zYWluLTMucGRmAAAAAAAAAAAAAAAAAAAAAAAAAAAAAAAAAAAAAAAAAAAAAAAAAAAAAAADQdLS1vDN5gAAAAAAAAAAAAIAAgAACSAAAAAAAAAAAAAAAAAAAAAJUmVzb3VyY2VzAAAQAAgAANFTIcwAAAARAAgAANbxBiYAAAABABQDFG/nAoQ/rwAJ4PIACaQ1AAKYNwACAExNYWNpbnRvc2ggSEQ6VXNlcnM6AGxhZHlidWc6AERyb3Bib3g6AFFQMjoAUmVzb3VyY2VzOgByb2EtMTg4LWNoaW9zYWluLTMucGRmAA4ALgAWAHIAbwBhAC0AMQA4ADgALQBjAGgAaQBvAHMAYQBpAG4ALQAzAC4AcABkAGYADwAaAAwATQBhAGMAaQBuAHQAbwBzAGgAIABIAEQAEgA6VXNlcnMvbGFkeWJ1Zy9Ecm9wYm94L1FQMi9SZXNvdXJjZXMvcm9hLTE4OC1jaGlvc2Fpbi0zLnBkZgATAAEvAAAVAAIADv//AACABtIbHB0eWiRjbGFzc25hbWVYJGNsYXNzZXNdTlNNdXRhYmxlRGF0YaMdHyBWTlNEYXRhWE5TT2JqZWN00hscIiNcTlNEaWN0aW9uYXJ5oiIgXxAPTlNLZXllZEFyY2hpdmVy0SYnVHJvb3SAAQAIABEAGgAjAC0AMgA3AEAARgBNAFUAYABnAGoAbABuAHEAcwB1AHcAhACOALcAvADEAooCjAKRApwCpQKzArcCvgLHAswC2QLcAu4C8QL2AAAAAAAAAgEAAAAAAAAAKAAAAAAAAAAAAAAAAAAAAvg=}}

@phdthesis{sagey1986,
	Author = {Elizabeth Sagey},
	Date-Added = {2018-04-09 11:40:20 +0000},
	Date-Modified = {2018-04-09 11:41:58 +0000},
	School = {Massachusetts Institute of Technology},
	Title = {The representation of features and relations in non-linear phonology},
	Year = {1986},
	Bdsk-File-1 = {YnBsaXN0MDDUAQIDBAUGJCVYJHZlcnNpb25YJG9iamVjdHNZJGFyY2hpdmVyVCR0b3ASAAGGoKgHCBMUFRYaIVUkbnVsbNMJCgsMDxJXTlMua2V5c1pOUy5vYmplY3RzViRjbGFzc6INDoACgAOiEBGABIAFgAdccmVsYXRpdmVQYXRoWWFsaWFzRGF0YV8QWS4uLy4uLy4uL0RvY3VtZW50cy9SdXRnZXJzQ291cnNlcy9QaG9ubyAzL0ZpbmFsIFBhcGVyL3NhZ2V5ODZub25saW5lYXJyZXByZXNlbnRhdGlvbnMucGRm0hcLGBlXTlMuZGF0YU8RAjwAAAAAAjwAAgAADE1hY2ludG9zaCBIRAAAAAAAAAAAAAAAAAAAANFS6YxIKwAAAfLhmx9zYWdleTg2bm9ubGluZWFycmVwIzIwOUMzMDUucGRmAAAAAAAAAAAAAAAAAAAAAAAAAAAAAAAAAAAAAAAAAAACCcMF1FMlZAAAAAAAAAAAAAMABQAACSAAAAAAAAAAAAAAAAAAAAALRmluYWwgUGFwZXIAABAACAAA0VMhzAAAABEACAAA1FNrtAAAAAEAHAHy4ZsB0p/mAC1ZMAAJ4wwACeDyAAmkNQACmDcAAgB2TWFjaW50b3NoIEhEOlVzZXJzOgBsYWR5YnVnOgBEcm9wYm94OgBEb2N1bWVudHM6AFJ1dGdlcnNDb3Vyc2VzOgBQaG9ubyAzOgBGaW5hbCBQYXBlcjoAc2FnZXk4Nm5vbmxpbmVhcnJlcCMyMDlDMzA1LnBkZgAOAEgAIwBzAGEAZwBlAHkAOAA2AG4AbwBuAGwAaQBuAGUAYQByAHIAZQBwAHIAZQBzAGUAbgB0AGEAdABpAG8AbgBzAC4AcABkAGYADwAaAAwATQBhAGMAaQBuAHQAbwBzAGgAIABIAEQAEgBmVXNlcnMvbGFkeWJ1Zy9Ecm9wYm94L0RvY3VtZW50cy9SdXRnZXJzQ291cnNlcy9QaG9ubyAzL0ZpbmFsIFBhcGVyL3NhZ2V5ODZub25saW5lYXJyZXByZXNlbnRhdGlvbnMucGRmABMAAS8AABUAAgAO//8AAIAG0hscHR5aJGNsYXNzbmFtZVgkY2xhc3Nlc11OU011dGFibGVEYXRhox0fIFZOU0RhdGFYTlNPYmplY3TSGxwiI1xOU0RpY3Rpb25hcnmiIiBfEA9OU0tleWVkQXJjaGl2ZXLRJidUcm9vdIABAAgAEQAaACMALQAyADcAQABGAE0AVQBgAGcAagBsAG4AcQBzAHUAdwCEAI4A6gDvAPcDNwM5Az4DSQNSA2ADZANrA3QDeQOGA4kDmwOeA6MAAAAAAAACAQAAAAAAAAAoAAAAAAAAAAAAAAAAAAADpQ==}}

@article{sagey1988,
	Author = {Elizabeth Sagey},
	Date-Added = {2018-04-09 11:38:50 +0000},
	Date-Modified = {2018-04-09 11:40:04 +0000},
	Journal = {Linguistic Inquiry},
	Number = {1},
	Pages = {109-118},
	Title = {On the ill-formedness of crossing association lines},
	Volume = {19},
	Year = {1988},
	Bdsk-File-1 = {YnBsaXN0MDDUAQIDBAUGJCVYJHZlcnNpb25YJG9iamVjdHNZJGFyY2hpdmVyVCR0b3ASAAGGoKgHCBMUFRYaIVUkbnVsbNMJCgsMDxJXTlMua2V5c1pOUy5vYmplY3RzViRjbGFzc6INDoACgAOiEBGABIAFgAdccmVsYXRpdmVQYXRoWWFsaWFzRGF0YV8QXS4uLy4uLy4uL0RvY3VtZW50cy9SdXRnZXJzQ291cnNlcy9QaG9ubyAzL0ZpbmFsIFBhcGVyL3NhZ2V5ODhpbGxmb3JtZWRuZXNzb2Zjcm9zc2luZ2xpbmVzLnBkZtIXCxgZV05TLmRhdGFPEQJIAAAAAAJIAAIAAAxNYWNpbnRvc2ggSEQAAAAAAAAAAAAAAAAAAADRUumMSCsAAAHy4Zsfc2FnZXk4OGlsbGZvcm1lZG5lcyMyMUEyNTg3LnBkZgAAAAAAAAAAAAAAAAAAAAAAAAAAAAAAAAAAAAAAAAAAAholh9Ru+AsAAAAAAAAAAAADAAUAAAkgAAAAAAAAAAAAAAAAAAAAC0ZpbmFsIFBhcGVyAAAQAAgAANFTIcwAAAARAAgAANRvPlsAAAABABwB8uGbAdKf5gAtWTAACeMMAAng8gAJpDUAApg3AAIAdk1hY2ludG9zaCBIRDpVc2VyczoAbGFkeWJ1ZzoARHJvcGJveDoARG9jdW1lbnRzOgBSdXRnZXJzQ291cnNlczoAUGhvbm8gMzoARmluYWwgUGFwZXI6AHNhZ2V5ODhpbGxmb3JtZWRuZXMjMjFBMjU4Ny5wZGYADgBQACcAcwBhAGcAZQB5ADgAOABpAGwAbABmAG8AcgBtAGUAZABuAGUAcwBzAG8AZgBjAHIAbwBzAHMAaQBuAGcAbABpAG4AZQBzAC4AcABkAGYADwAaAAwATQBhAGMAaQBuAHQAbwBzAGgAIABIAEQAEgBqVXNlcnMvbGFkeWJ1Zy9Ecm9wYm94L0RvY3VtZW50cy9SdXRnZXJzQ291cnNlcy9QaG9ubyAzL0ZpbmFsIFBhcGVyL3NhZ2V5ODhpbGxmb3JtZWRuZXNzb2Zjcm9zc2luZ2xpbmVzLnBkZgATAAEvAAAVAAIADv//AACABtIbHB0eWiRjbGFzc25hbWVYJGNsYXNzZXNdTlNNdXRhYmxlRGF0YaMdHyBWTlNEYXRhWE5TT2JqZWN00hscIiNcTlNEaWN0aW9uYXJ5oiIgXxAPTlNLZXllZEFyY2hpdmVy0SYnVHJvb3SAAQAIABEAGgAjAC0AMgA3AEAARgBNAFUAYABnAGoAbABuAHEAcwB1AHcAhACOAO4A8wD7A0cDSQNOA1kDYgNwA3QDewOEA4kDlgOZA6sDrgOzAAAAAAAAAgEAAAAAAAAAKAAAAAAAAAAAAAAAAAAAA7U=}}

@article{odden1994,
	Author = {David Odden},
	Date-Added = {2018-04-09 11:35:17 +0000},
	Date-Modified = {2018-04-09 11:36:46 +0000},
	Journal = {Language},
	Number = {2},
	Pages = {289-330},
	Title = {Adjacency parameters in phonology},
	Volume = {70},
	Year = {1994},
	Bdsk-File-1 = {YnBsaXN0MDDUAQIDBAUGJCVYJHZlcnNpb25YJG9iamVjdHNZJGFyY2hpdmVyVCR0b3ASAAGGoKgHCBMUFRYaIVUkbnVsbNMJCgsMDxJXTlMua2V5c1pOUy5vYmplY3RzViRjbGFzc6INDoACgAOiEBGABIAFgAdccmVsYXRpdmVQYXRoWWFsaWFzRGF0YV8QYC4uLy4uLy4uL0RvY3VtZW50cy9SdXRnZXJzQ291cnNlcy9QaG9ubyAzL0ZpbmFsIFBhcGVyL29kZGVuMTk5NGRpc3RhbmNlcGFyYW1ldGVyc2lucGhvbm9sb2d5LnBkZtIXCxgZV05TLmRhdGFPEQJSAAAAAAJSAAIAAAxNYWNpbnRvc2ggSEQAAAAAAAAAAAAAAAAAAADRUumMSCsAAAHy4Zsfb2RkZW4xOTk0ZGlzdGFuY2VwYSMxRjk1NTZBLnBkZgAAAAAAAAAAAAAAAAAAAAAAAAAAAAAAAAAAAAAAAAAAAflVatQ4KzkAAAAAAAAAAAADAAUAAAkgAAAAAAAAAAAAAAAAAAAAC0ZpbmFsIFBhcGVyAAAQAAgAANFTIcwAAAARAAgAANQ4Y3kAAAABABwB8uGbAdKf5gAtWTAACeMMAAng8gAJpDUAApg3AAIAdk1hY2ludG9zaCBIRDpVc2VyczoAbGFkeWJ1ZzoARHJvcGJveDoARG9jdW1lbnRzOgBSdXRnZXJzQ291cnNlczoAUGhvbm8gMzoARmluYWwgUGFwZXI6AG9kZGVuMTk5NGRpc3RhbmNlcGEjMUY5NTU2QS5wZGYADgBWACoAbwBkAGQAZQBuADEAOQA5ADQAZABpAHMAdABhAG4AYwBlAHAAYQByAGEAbQBlAHQAZQByAHMAaQBuAHAAaABvAG4AbwBsAG8AZwB5AC4AcABkAGYADwAaAAwATQBhAGMAaQBuAHQAbwBzAGgAIABIAEQAEgBtVXNlcnMvbGFkeWJ1Zy9Ecm9wYm94L0RvY3VtZW50cy9SdXRnZXJzQ291cnNlcy9QaG9ubyAzL0ZpbmFsIFBhcGVyL29kZGVuMTk5NGRpc3RhbmNlcGFyYW1ldGVyc2lucGhvbm9sb2d5LnBkZgAAEwABLwAAFQACAA7//wAAgAbSGxwdHlokY2xhc3NuYW1lWCRjbGFzc2VzXU5TTXV0YWJsZURhdGGjHR8gVk5TRGF0YVhOU09iamVjdNIbHCIjXE5TRGljdGlvbmFyeaIiIF8QD05TS2V5ZWRBcmNoaXZlctEmJ1Ryb290gAEACAARABoAIwAtADIANwBAAEYATQBVAGAAZwBqAGwAbgBxAHMAdQB3AIQAjgDxAPYA/gNUA1YDWwNmA28DfQOBA4gDkQOWA6MDpgO4A7sDwAAAAAAAAAIBAAAAAAAAACgAAAAAAAAAAAAAAAAAAAPC}}

@article{odden1991,
	Author = {David Odden},
	Date-Added = {2018-04-09 11:34:15 +0000},
	Date-Modified = {2018-04-09 11:35:13 +0000},
	Journal = {Phonology},
	Number = {2},
	Pages = {261-289},
	Title = {Vowel Geometry},
	Volume = {8},
	Year = {1991},
	Bdsk-File-1 = {YnBsaXN0MDDUAQIDBAUGJCVYJHZlcnNpb25YJG9iamVjdHNZJGFyY2hpdmVyVCR0b3ASAAGGoKgHCBMUFRYaIVUkbnVsbNMJCgsMDxJXTlMua2V5c1pOUy5vYmplY3RzViRjbGFzc6INDoACgAOiEBGABIAFgAdccmVsYXRpdmVQYXRoWWFsaWFzRGF0YV8QQy4uLy4uLy4uL0RvY3VtZW50cy9SdXRnZXJzQ291cnNlcy9QaG9ubyAzL0ZpbmFsIFBhcGVyL09kZGVuMTk5MS5wZGbSFwsYGVdOUy5kYXRhTxEB6AAAAAAB6AACAAAMTWFjaW50b3NoIEhEAAAAAAAAAAAAAAAAAAAA0VLpjEgrAAAB8uGbDU9kZGVuMTk5MS5wZGYAAAAAAAAAAAAAAAAAAAAAAAAAAAAAAAAAAAAAAAAAAAAAAAAAAAAAAAAAAAAAAAAAAAIg2ObUd2XhUERGIENBUk8AAwAFAAAJIAAAAAAAAAAAAAAAAAAAAAtGaW5hbCBQYXBlcgAAEAAIAADRUyHMAAAAEQAIAADUd6wxAAAAAQAcAfLhmwHSn+YALVkwAAnjDAAJ4PIACaQ1AAKYNwACAGRNYWNpbnRvc2ggSEQ6VXNlcnM6AGxhZHlidWc6AERyb3Bib3g6AERvY3VtZW50czoAUnV0Z2Vyc0NvdXJzZXM6AFBob25vIDM6AEZpbmFsIFBhcGVyOgBPZGRlbjE5OTEucGRmAA4AHAANAE8AZABkAGUAbgAxADkAOQAxAC4AcABkAGYADwAaAAwATQBhAGMAaQBuAHQAbwBzAGgAIABIAEQAEgBQVXNlcnMvbGFkeWJ1Zy9Ecm9wYm94L0RvY3VtZW50cy9SdXRnZXJzQ291cnNlcy9QaG9ubyAzL0ZpbmFsIFBhcGVyL09kZGVuMTk5MS5wZGYAEwABLwAAFQACAA7//wAAgAbSGxwdHlokY2xhc3NuYW1lWCRjbGFzc2VzXU5TTXV0YWJsZURhdGGjHR8gVk5TRGF0YVhOU09iamVjdNIbHCIjXE5TRGljdGlvbmFyeaIiIF8QD05TS2V5ZWRBcmNoaXZlctEmJ1Ryb290gAEACAARABoAIwAtADIANwBAAEYATQBVAGAAZwBqAGwAbgBxAHMAdQB3AIQAjgDUANkA4QLNAs8C1ALfAugC9gL6AwEDCgMPAxwDHwMxAzQDOQAAAAAAAAIBAAAAAAAAACgAAAAAAAAAAAAAAAAAAAM7}}

@article{rogersetal2013,
	Author = {James Rogers and Jeffrey Heinz and Margaret Fero and Jeremy Hurst and Dakota Lambert and Sean Wibel},
	Date-Added = {2018-04-09 11:28:24 +0000},
	Date-Modified = {2018-04-09 11:44:14 +0000},
	Journal = {Formal Grammar},
	Pages = {90-108},
	Title = {Cognitive and sub-regular complexity},
	Year = {2013},
	Bdsk-File-1 = {YnBsaXN0MDDUAQIDBAUGJCVYJHZlcnNpb25YJG9iamVjdHNZJGFyY2hpdmVyVCR0b3ASAAGGoKgHCBMUFRYaIVUkbnVsbNMJCgsMDxJXTlMua2V5c1pOUy5vYmplY3RzViRjbGFzc6INDoACgAOiEBGABIAFgAdccmVsYXRpdmVQYXRoWWFsaWFzRGF0YV8QRC4uLy4uL1Jlc291cmNlcy9Bc3NpZ25lZC9yb2dlcnNldGFsMjAxM3N1YnJlZ2NvZ25pdGl2ZWNvbXBsZXhpdHkucGRm0hcLGBlXTlMuZGF0YU8RAiAAAAAAAiAAAgAADE1hY2ludG9zaCBIRAAAAAAAAAAAAAAAAAAAANFS6YxIKwAAAxRwlh9yb2dlcnNldGFsMjAxM3N1YnJlIzFENjJCNjEucGRmAAAAAAAAAAAAAAAAAAAAAAAAAAAAAAAAAAAAAAAAAAAB1ith1AAzQAAAAAAAAAAAAAIAAwAACSAAAAAAAAAAAAAAAAAAAAAIQXNzaWduZWQAEAAIAADRUyHMAAAAEQAIAADUAGuAAAAAAQAYAxRwlgMUb+cChD+vAAng8gAJpDUAApg3AAIAX01hY2ludG9zaCBIRDpVc2VyczoAbGFkeWJ1ZzoARHJvcGJveDoAUVAyOgBSZXNvdXJjZXM6AEFzc2lnbmVkOgByb2dlcnNldGFsMjAxM3N1YnJlIzFENjJCNjEucGRmAAAOAFgAKwByAG8AZwBlAHIAcwBlAHQAYQBsADIAMAAxADMAcwB1AGIAcgBlAGcAYwBvAGcAbgBpAHQAaQB2AGUAYwBvAG0AcABsAGUAeABpAHQAeQAuAHAAZABmAA8AGgAMAE0AYQBjAGkAbgB0AG8AcwBoACAASABEABIAWFVzZXJzL2xhZHlidWcvRHJvcGJveC9RUDIvUmVzb3VyY2VzL0Fzc2lnbmVkL3JvZ2Vyc2V0YWwyMDEzc3VicmVnY29nbml0aXZlY29tcGxleGl0eS5wZGYAEwABLwAAFQACAA7//wAAgAbSGxwdHlokY2xhc3NuYW1lWCRjbGFzc2VzXU5TTXV0YWJsZURhdGGjHR8gVk5TRGF0YVhOU09iamVjdNIbHCIjXE5TRGljdGlvbmFyeaIiIF8QD05TS2V5ZWRBcmNoaXZlctEmJ1Ryb290gAEACAARABoAIwAtADIANwBAAEYATQBVAGAAZwBqAGwAbgBxAHMAdQB3AIQAjgDVANoA4gMGAwgDDQMYAyEDLwMzAzoDQwNIA1UDWANqA20DcgAAAAAAAAIBAAAAAAAAACgAAAAAAAAAAAAAAAAAAAN0}}

@inproceedings{jardinelogcom,
	Author = {Adam Jardine},
	Booktitle = {15th Meeting on the Mathematics of Language},
	Date-Added = {2018-04-09 11:25:15 +0000},
	Date-Modified = {2018-04-09 11:27:50 +0000},
	Pages = {22-35},
	Title = {On the logical complexity of autosegmental representations},
	Year = {2017},
	Bdsk-File-1 = {YnBsaXN0MDDUAQIDBAUGJCVYJHZlcnNpb25YJG9iamVjdHNZJGFyY2hpdmVyVCR0b3ASAAGGoKgHCBMUFRYaIVUkbnVsbNMJCgsMDxJXTlMua2V5c1pOUy5vYmplY3RzViRjbGFzc6INDoACgAOiEBGABIAFgAdccmVsYXRpdmVQYXRoWWFsaWFzRGF0YV8QMy4uLy4uL1Jlc291cmNlcy9Bc3NpZ25lZC9sb2dpY2FsY29tcGxleGl0eW9mQVJzLnBkZtIXCxgZV05TLmRhdGFPEQHoAAAAAAHoAAIAAAxNYWNpbnRvc2ggSEQAAAAAAAAAAAAAAAAAAADRUumMSCsAAAMUcJYabG9naWNhbGNvbXBsZXhpdHlvZkFScy5wZGYAAAAAAAAAAAAAAAAAAAAAAAAAAAAAAAAAAAAAAAAAAAAAAAAAAp1atNWVnSJQREYgQ0FSTwACAAMAAAkgAAAAAAAAAAAAAAAAAAAACEFzc2lnbmVkABAACAAA0VMhzAAAABEACAAA1ZXVYgAAAAEAGAMUcJYDFG/nAoQ/rwAJ4PIACaQ1AAKYNwACAFpNYWNpbnRvc2ggSEQ6VXNlcnM6AGxhZHlidWc6AERyb3Bib3g6AFFQMjoAUmVzb3VyY2VzOgBBc3NpZ25lZDoAbG9naWNhbGNvbXBsZXhpdHlvZkFScy5wZGYADgA2ABoAbABvAGcAaQBjAGEAbABjAG8AbQBwAGwAZQB4AGkAdAB5AG8AZgBBAFIAcwAuAHAAZABmAA8AGgAMAE0AYQBjAGkAbgB0AG8AcwBoACAASABEABIAR1VzZXJzL2xhZHlidWcvRHJvcGJveC9RUDIvUmVzb3VyY2VzL0Fzc2lnbmVkL2xvZ2ljYWxjb21wbGV4aXR5b2ZBUnMucGRmAAATAAEvAAAVAAIADv//AACABtIbHB0eWiRjbGFzc25hbWVYJGNsYXNzZXNdTlNNdXRhYmxlRGF0YaMdHyBWTlNEYXRhWE5TT2JqZWN00hscIiNcTlNEaWN0aW9uYXJ5oiIgXxAPTlNLZXllZEFyY2hpdmVy0SYnVHJvb3SAAQAIABEAGgAjAC0AMgA3AEAARgBNAFUAYABnAGoAbABuAHEAcwB1AHcAhACOAMQAyQDRAr0CvwLEAs8C2ALmAuoC8QL6Av8DDAMPAyEDJAMpAAAAAAAAAgEAAAAAAAAAKAAAAAAAAAAAAAAAAAAAAys=}}

@phdthesis{jardinediss,
	Author = {Adam Jardine},
	Date-Added = {2018-04-09 11:21:19 +0000},
	Date-Modified = {2018-04-09 11:22:18 +0000},
	School = {University of Delaware},
	Title = {Locality and non-linear representations in tonal phonology},
	Year = {2016},
	Bdsk-File-1 = {YnBsaXN0MDDUAQIDBAUGJCVYJHZlcnNpb25YJG9iamVjdHNZJGFyY2hpdmVyVCR0b3ASAAGGoKgHCBMUFRYaIVUkbnVsbNMJCgsMDxJXTlMua2V5c1pOUy5vYmplY3RzViRjbGFzc6INDoACgAOiEBGABIAFgAdccmVsYXRpdmVQYXRoWWFsaWFzRGF0YV8QNC4uLy4uL1Jlc291cmNlcy9Bc3NpZ25lZC9qYXJkaW5lMjAxNmRpc3NlcnRhdGlvbi5wZGbSFwsYGVdOUy5kYXRhTxEB7AAAAAAB7AACAAAMTWFjaW50b3NoIEhEAAAAAAAAAAAAAAAAAAAA0VLpjEgrAAADFHCWG2phcmRpbmUyMDE2ZGlzc2VydGF0aW9uLnBkZgAAAAAAAAAAAAAAAAAAAAAAAAAAAAAAAAAAAAAAAAAAAAAAAANBrM3W8C/MAAAAAAAAAAAAAgADAAAJIAAAAAAAAAAAAAAAAAAAAAhBc3NpZ25lZAAQAAgAANFTIcwAAAARAAgAANbwaAwAAAABABgDFHCWAxRv5wKEP68ACeDyAAmkNQACmDcAAgBbTWFjaW50b3NoIEhEOlVzZXJzOgBsYWR5YnVnOgBEcm9wYm94OgBRUDI6AFJlc291cmNlczoAQXNzaWduZWQ6AGphcmRpbmUyMDE2ZGlzc2VydGF0aW9uLnBkZgAADgA4ABsAagBhAHIAZABpAG4AZQAyADAAMQA2AGQAaQBzAHMAZQByAHQAYQB0AGkAbwBuAC4AcABkAGYADwAaAAwATQBhAGMAaQBuAHQAbwBzAGgAIABIAEQAEgBIVXNlcnMvbGFkeWJ1Zy9Ecm9wYm94L1FQMi9SZXNvdXJjZXMvQXNzaWduZWQvamFyZGluZTIwMTZkaXNzZXJ0YXRpb24ucGRmABMAAS8AABUAAgAO//8AAIAG0hscHR5aJGNsYXNzbmFtZVgkY2xhc3Nlc11OU011dGFibGVEYXRhox0fIFZOU0RhdGFYTlNPYmplY3TSGxwiI1xOU0RpY3Rpb25hcnmiIiBfEA9OU0tleWVkQXJjaGl2ZXLRJidUcm9vdIABAAgAEQAaACMALQAyADcAQABGAE0AVQBgAGcAagBsAG4AcQBzAHUAdwCEAI4AxQDKANICwgLEAskC1ALdAusC7wL2Av8DBAMRAxQDJgMpAy4AAAAAAAACAQAAAAAAAAAoAAAAAAAAAAAAAAAAAAADMA==}}

@phdthesis{Goldsmith1976,
	Author = {John Goldsmith},
	Date-Added = {2018-04-09 11:16:36 +0000},
	Date-Modified = {2018-04-09 11:19:32 +0000},
	School = {Massachusetts Institute of Technology},
	Title = {Autosegmental Phonology},
	Year = {1976}}

@periodical{crothersshibatani1980,
	Author = {John Crothers and Masayoshi Shibatani},
	Date-Added = {2018-04-02 18:34:53 +0000},
	Date-Modified = {2018-04-09 11:43:31 +0000},
	Journal = {Issues in Vowel Harmony},
	Pages = {63-68},
	Title = {Issues in the description of Turkish vowel harmony},
	Year = {1980},
	Bdsk-File-1 = {YnBsaXN0MDDUAQIDBAUGJCVYJHZlcnNpb25YJG9iamVjdHNZJGFyY2hpdmVyVCR0b3ASAAGGoKgHCBMUFRYaIVUkbnVsbNMJCgsMDxJXTlMua2V5c1pOUy5vYmplY3RzViRjbGFzc6INDoACgAOiEBGABIAFgAdccmVsYXRpdmVQYXRoWWFsaWFzRGF0YV8QQS4uLy4uL1Jlc291cmNlcy9Bc3NpZ25lZC9UdXJraXNoL0Nyb3RoZXJzU2hpYmF0YW5pODBUdXJraXNoVkgucGRm0hcLGBlXTlMuZGF0YU8RAhQAAAAAAhQAAgAADE1hY2ludG9zaCBIRAAAAAAAAAAAAAAAAAAAANFS6YxIKwAAA2rZLx9Dcm90aGVyc1NoaWJhdGFuaTgwIzMyNTZDRjYucGRmAAAAAAAAAAAAAAAAAAAAAAAAAAAAAAAAAAAAAAAAAAADJWz21rnypAAAAAAAAAAAAAIABAAACSAAAAAAAAAAAAAAAAAAAAAHVHVya2lzaAAAEAAIAADRUyHMAAAAEQAIAADWujj0AAAAAQAcA2rZLwMUcJYDFG/nAoQ/rwAJ4PIACaQ1AAKYNwACAGhNYWNpbnRvc2ggSEQ6VXNlcnM6AGxhZHlidWc6AERyb3Bib3g6AFFQMjoAUmVzb3VyY2VzOgBBc3NpZ25lZDoAVHVya2lzaDoAQ3JvdGhlcnNTaGliYXRhbmk4MCMzMjU2Q0Y2LnBkZgAOAEIAIABDAHIAbwB0AGgAZQByAHMAUwBoAGkAYgBhAHQAYQBuAGkAOAAwAFQAdQByAGsAaQBzAGgAVgBIAC4AcABkAGYADwAaAAwATQBhAGMAaQBuAHQAbwBzAGgAIABIAEQAEgBVVXNlcnMvbGFkeWJ1Zy9Ecm9wYm94L1FQMi9SZXNvdXJjZXMvQXNzaWduZWQvVHVya2lzaC9Dcm90aGVyc1NoaWJhdGFuaTgwVHVya2lzaFZILnBkZgAAEwABLwAAFQACAA7//wAAgAbSGxwdHlokY2xhc3NuYW1lWCRjbGFzc2VzXU5TTXV0YWJsZURhdGGjHR8gVk5TRGF0YVhOU09iamVjdNIbHCIjXE5TRGljdGlvbmFyeaIiIF8QD05TS2V5ZWRBcmNoaXZlctEmJ1Ryb290gAEACAARABoAIwAtADIANwBAAEYATQBVAGAAZwBqAGwAbgBxAHMAdQB3AIQAjgDSANcA3wL3AvkC/gMJAxIDIAMkAysDNAM5A0YDSQNbA14DYwAAAAAAAAIBAAAAAAAAACgAAAAAAAAAAAAAAAAAAANl}}

@inproceedings{vdHulst2017,
	Author = {Harry vanderHulst},
	Booktitle = {Approaches to Hungarian},
	Date-Added = {2018-04-02 18:29:30 +0000},
	Date-Modified = {2018-06-19 19:09:26 +0000},
	Publisher = {John Benjamins Publishing Company},
	Series = {Leiden Conference},
	Title = {A representational account of vowel harmony in terms of variable elements and licensing},
	Volume = {15},
	Year = {2017},
	Bdsk-File-1 = {YnBsaXN0MDDUAQIDBAUGJCVYJHZlcnNpb25YJG9iamVjdHNZJGFyY2hpdmVyVCR0b3ASAAGGoKgHCBMUFRYaIVUkbnVsbNMJCgsMDxJXTlMua2V5c1pOUy5vYmplY3RzViRjbGFzc6INDoACgAOiEBGABIAFgAdccmVsYXRpdmVQYXRoWWFsaWFzRGF0YV8QNS4uLy4uL1Jlc291cmNlcy9Bc3NpZ25lZC9UdXJraXNoL3ZkSHVsc3QyMDE3cmVwVkgucGRm0hcLGBlXTlMuZGF0YU8RAeYAAAAAAeYAAgAADE1hY2ludG9zaCBIRAAAAAAAAAAAAAAAAAAAANFS6YxIKwAAA2rZLxR2ZEh1bHN0MjAxN3JlcFZILnBkZgAAAAAAAAAAAAAAAAAAAAAAAAAAAAAAAAAAAAAAAAAAAAAAAAAAAAAAAAADJ/681r8ABAAAAAAAAAAAAAIABAAACSAAAAAAAAAAAAAAAAAAAAAHVHVya2lzaAAAEAAIAADRUyHMAAAAEQAIAADWv0ZUAAAAAQAcA2rZLwMUcJYDFG/nAoQ/rwAJ4PIACaQ1AAKYNwACAF1NYWNpbnRvc2ggSEQ6VXNlcnM6AGxhZHlidWc6AERyb3Bib3g6AFFQMjoAUmVzb3VyY2VzOgBBc3NpZ25lZDoAVHVya2lzaDoAdmRIdWxzdDIwMTdyZXBWSC5wZGYAAA4AKgAUAHYAZABIAHUAbABzAHQAMgAwADEANwByAGUAcABWAEgALgBwAGQAZgAPABoADABNAGEAYwBpAG4AdABvAHMAaAAgAEgARAASAElVc2Vycy9sYWR5YnVnL0Ryb3Bib3gvUVAyL1Jlc291cmNlcy9Bc3NpZ25lZC9UdXJraXNoL3ZkSHVsc3QyMDE3cmVwVkgucGRmAAATAAEvAAAVAAIADv//AACABtIbHB0eWiRjbGFzc25hbWVYJGNsYXNzZXNdTlNNdXRhYmxlRGF0YaMdHyBWTlNEYXRhWE5TT2JqZWN00hscIiNcTlNEaWN0aW9uYXJ5oiIgXxAPTlNLZXllZEFyY2hpdmVy0SYnVHJvb3SAAQAIABEAGgAjAC0AMgA3AEAARgBNAFUAYABnAGoAbABuAHEAcwB1AHcAhACOAMYAywDTAr0CvwLEAs8C2ALmAuoC8QL6Av8DDAMPAyEDJAMpAAAAAAAAAgEAAAAAAAAAKAAAAAAAAAAAAAAAAAAAAys=}}

@article{mccarthyfg1988,
	Author = {John McCarthy},
	Date-Added = {2018-03-22 06:05:40 +0000},
	Date-Modified = {2018-03-22 06:07:58 +0000},
	Journal = {Phonetica},
	Title = {Feature geometry and dependency: a review},
	Url = {http://scholarworks.umass.edu/linguist_faculty_pubs/38},
	Volume = {38},
	Year = {1988},
	Bdsk-File-1 = {YnBsaXN0MDDUAQIDBAUGJCVYJHZlcnNpb25YJG9iamVjdHNZJGFyY2hpdmVyVCR0b3ASAAGGoKgHCBMUFRYaIVUkbnVsbNMJCgsMDxJXTlMua2V5c1pOUy5vYmplY3RzViRjbGFzc6INDoACgAOiEBGABIAFgAdccmVsYXRpdmVQYXRoWWFsaWFzRGF0YV8QRi4uLy4uL1Jlc291cmNlcy9Bc3NpZ25lZC9GZWF0dXJlIGdlb21ldHJ5IGFuZCBkZXBlbmRlbmN5XyBBIHJldmlldy5wZGbSFwsYGVdOUy5kYXRhTxECJgAAAAACJgACAAAMTWFjaW50b3NoIEhEAAAAAAAAAAAAAAAAAAAA0VLpjEgrAAADFHCWH0ZlYXR1cmUgZ2VvbWV0cnkgYW4jMzMzMjYwNy5wZGYAAAAAAAAAAAAAAAAAAAAAAAAAAAAAAAAAAAAAAAAAAAMzJgfWMchCAAAAAAAAAAAAAgADAAAJIAAAAAAAAAAAAAAAAAAAAAhBc3NpZ25lZAAQAAgAANFTIcwAAAARAAgAANYyDpIAAAABABgDFHCWAxRv5wKEP68ACeDyAAmkNQACmDcAAgBfTWFjaW50b3NoIEhEOlVzZXJzOgBsYWR5YnVnOgBEcm9wYm94OgBRUDI6AFJlc291cmNlczoAQXNzaWduZWQ6AEZlYXR1cmUgZ2VvbWV0cnkgYW4jMzMzMjYwNy5wZGYAAA4AXAAtAEYAZQBhAHQAdQByAGUAIABnAGUAbwBtAGUAdAByAHkAIABhAG4AZAAgAGQAZQBwAGUAbgBkAGUAbgBjAHkAXwAgAEEAIAByAGUAdgBpAGUAdwAuAHAAZABmAA8AGgAMAE0AYQBjAGkAbgB0AG8AcwBoACAASABEABIAWlVzZXJzL2xhZHlidWcvRHJvcGJveC9RUDIvUmVzb3VyY2VzL0Fzc2lnbmVkL0ZlYXR1cmUgZ2VvbWV0cnkgYW5kIGRlcGVuZGVuY3lfIEEgcmV2aWV3LnBkZgATAAEvAAAVAAIADv//AACABtIbHB0eWiRjbGFzc25hbWVYJGNsYXNzZXNdTlNNdXRhYmxlRGF0YaMdHyBWTlNEYXRhWE5TT2JqZWN00hscIiNcTlNEaWN0aW9uYXJ5oiIgXxAPTlNLZXllZEFyY2hpdmVy0SYnVHJvb3SAAQAIABEAGgAjAC0AMgA3AEAARgBNAFUAYABnAGoAbABuAHEAcwB1AHcAhACOANcA3ADkAw4DEAMVAyADKQM3AzsDQgNLA1ADXQNgA3IDdQN6AAAAAAAAAgEAAAAAAAAAKAAAAAAAAAAAAAAAAAAAA3w=}}

@booklet{Clements1976,
	Author = {George Clements},
	Date-Added = {2018-03-21 18:52:57 +0000},
	Date-Modified = {2018-04-09 11:16:18 +0000},
	Title = {Vowel Harmony in non-linear generative phonology: an autosegmental model},
	Year = {1976},
	Bdsk-File-1 = {YnBsaXN0MDDUAQIDBAUGJCVYJHZlcnNpb25YJG9iamVjdHNZJGFyY2hpdmVyVCR0b3ASAAGGoKgHCBMUFRYaIVUkbnVsbNMJCgsMDxJXTlMua2V5c1pOUy5vYmplY3RzViRjbGFzc6INDoACgAOiEBGABIAFgAdccmVsYXRpdmVQYXRoWWFsaWFzRGF0YV8QNS4uLy4uL1Jlc291cmNlcy9Bc3NpZ25lZC9DbGVtZW50cy03Ni1Wb3dlbEhhcm1vbnkucGRm0hcLGBlXTlMuZGF0YU8RAfAAAAAAAfAAAgAADE1hY2ludG9zaCBIRAAAAAAAAAAAAAAAAAAAANFS6YxIKwAAAxRwlhxDbGVtZW50cy03Ni1Wb3dlbEhhcm1vbnkucGRmAAAAAAAAAAAAAAAAAAAAAAAAAAAAAAAAAAAAAAAAAAAAAAADQazc1vAsEwAAAAAAAAAAAAIAAwAACSAAAAAAAAAAAAAAAAAAAAAIQXNzaWduZWQAEAAIAADRUyHMAAAAEQAIAADW8GRTAAAAAQAYAxRwlgMUb+cChD+vAAng8gAJpDUAApg3AAIAXE1hY2ludG9zaCBIRDpVc2VyczoAbGFkeWJ1ZzoARHJvcGJveDoAUVAyOgBSZXNvdXJjZXM6AEFzc2lnbmVkOgBDbGVtZW50cy03Ni1Wb3dlbEhhcm1vbnkucGRmAA4AOgAcAEMAbABlAG0AZQBuAHQAcwAtADcANgAtAFYAbwB3AGUAbABIAGEAcgBtAG8AbgB5AC4AcABkAGYADwAaAAwATQBhAGMAaQBuAHQAbwBzAGgAIABIAEQAEgBJVXNlcnMvbGFkeWJ1Zy9Ecm9wYm94L1FQMi9SZXNvdXJjZXMvQXNzaWduZWQvQ2xlbWVudHMtNzYtVm93ZWxIYXJtb255LnBkZgAAEwABLwAAFQACAA7//wAAgAbSGxwdHlokY2xhc3NuYW1lWCRjbGFzc2VzXU5TTXV0YWJsZURhdGGjHR8gVk5TRGF0YVhOU09iamVjdNIbHCIjXE5TRGljdGlvbmFyeaIiIF8QD05TS2V5ZWRBcmNoaXZlctEmJ1Ryb290gAEACAARABoAIwAtADIANwBAAEYATQBVAGAAZwBqAGwAbgBxAHMAdQB3AIQAjgDGAMsA0wLHAskCzgLZAuIC8AL0AvsDBAMJAxYDGQMrAy4DMwAAAAAAAAIBAAAAAAAAACgAAAAAAAAAAAAAAAAAAAM1}}

@conference{vdHulstSmith1986,
	Author = {Harry vanderHulst and Norval Smith},
	Booktitle = {On neutral vowels},
	Date-Added = {2018-03-21 18:44:02 +0000},
	Date-Modified = {2018-06-29 17:05:15 +0000},
	Pages = {233-281},
	Title = {On neutral vowels},
	Year = {1986},
	Bdsk-File-1 = {YnBsaXN0MDDUAQIDBAUGJCVYJHZlcnNpb25YJG9iamVjdHNZJGFyY2hpdmVyVCR0b3ASAAGGoKgHCBMUFRYaIVUkbnVsbNMJCgsMDxJXTlMua2V5c1pOUy5vYmplY3RzViRjbGFzc6INDoACgAOiEBGABIAFgAdccmVsYXRpdmVQYXRoWWFsaWFzRGF0YV8QOS4uLy4uL1Jlc291cmNlcy9Bc3NpZ25lZC92YW5kZXJodWxzdDE5ODZuZXV0cmFsdm93ZWxzLnBkZtIXCxgZV05TLmRhdGFPEQIAAAAAAAIAAAIAAAxNYWNpbnRvc2ggSEQAAAAAAAAAAAAAAAAAAADRUumMSCsAAAMUcJYfdmFuZGVyaHVsc3QxOTg2bmV1dCMzMzEzRTI3LnBkZgAAAAAAAAAAAAAAAAAAAAAAAAAAAAAAAAAAAAAAAAAAAzE+J9bVh4QAAAAAAAAAAAACAAMAAAkgAAAAAAAAAAAAAAAAAAAACEFzc2lnbmVkABAACAAA0VMhzAAAABEACAAA1tW/xAAAAAEAGAMUcJYDFG/nAoQ/rwAJ4PIACaQ1AAKYNwACAF9NYWNpbnRvc2ggSEQ6VXNlcnM6AGxhZHlidWc6AERyb3Bib3g6AFFQMjoAUmVzb3VyY2VzOgBBc3NpZ25lZDoAdmFuZGVyaHVsc3QxOTg2bmV1dCMzMzEzRTI3LnBkZgAADgBCACAAdgBhAG4AZABlAHIAaAB1AGwAcwB0ADEAOQA4ADYAbgBlAHUAdAByAGEAbAB2AG8AdwBlAGwAcwAuAHAAZABmAA8AGgAMAE0AYQBjAGkAbgB0AG8AcwBoACAASABEABIATVVzZXJzL2xhZHlidWcvRHJvcGJveC9RUDIvUmVzb3VyY2VzL0Fzc2lnbmVkL3ZhbmRlcmh1bHN0MTk4Nm5ldXRyYWx2b3dlbHMucGRmAAATAAEvAAAVAAIADv//AACABtIbHB0eWiRjbGFzc25hbWVYJGNsYXNzZXNdTlNNdXRhYmxlRGF0YaMdHyBWTlNEYXRhWE5TT2JqZWN00hscIiNcTlNEaWN0aW9uYXJ5oiIgXxAPTlNLZXllZEFyY2hpdmVy0SYnVHJvb3SAAQAIABEAGgAjAC0AMgA3AEAARgBNAFUAYABnAGoAbABuAHEAcwB1AHcAhACOAMoAzwDXAtsC3QLiAu0C9gMEAwgDDwMYAx0DKgMtAz8DQgNHAAAAAAAAAgEAAAAAAAAAKAAAAAAAAAAAAAAAAAAAA0k=}}

@book{Nevins2010,
	Author = {Andrew Nevins},
	Date-Added = {2018-03-21 18:42:28 +0000},
	Date-Modified = {2018-06-19 17:20:32 +0000},
	Journal = {Linguistic Inquiry Monographs},
	Publisher = {MIT Press},
	Title = {Locality in vowel harmony},
	Volume = {55},
	Year = {2010},
	Bdsk-File-1 = {YnBsaXN0MDDUAQIDBAUGJCVYJHZlcnNpb25YJG9iamVjdHNZJGFyY2hpdmVyVCR0b3ASAAGGoKgHCBMUFRYaIVUkbnVsbNMJCgsMDxJXTlMua2V5c1pOUy5vYmplY3RzViRjbGFzc6INDoACgAOiEBGABIAFgAdccmVsYXRpdmVQYXRoWWFsaWFzRGF0YV8QLy4uLy4uL1Jlc291cmNlcy9Bc3NpZ25lZC9uZXZpbnMyMDEwdmhhcm1vbnkucGRm0hcLGBlXTlMuZGF0YU8RAdgAAAAAAdgAAgAADE1hY2ludG9zaCBIRAAAAAAAAAAAAAAAAAAAANFS6YxIKwAAAxRwlhZuZXZpbnMyMDEwdmhhcm1vbnkucGRmAAAAAAAAAAAAAAAAAAAAAAAAAAAAAAAAAAAAAAAAAAAAAAAAAAAAAAADbmcS1rnQ1QAAAAAAAAAAAAIAAwAACSAAAAAAAAAAAAAAAAAAAAAIQXNzaWduZWQAEAAIAADRUyHMAAAAEQAIAADWuhclAAAAAQAYAxRwlgMUb+cChD+vAAng8gAJpDUAApg3AAIAVk1hY2ludG9zaCBIRDpVc2VyczoAbGFkeWJ1ZzoARHJvcGJveDoAUVAyOgBSZXNvdXJjZXM6AEFzc2lnbmVkOgBuZXZpbnMyMDEwdmhhcm1vbnkucGRmAA4ALgAWAG4AZQB2AGkAbgBzADIAMAAxADAAdgBoAGEAcgBtAG8AbgB5AC4AcABkAGYADwAaAAwATQBhAGMAaQBuAHQAbwBzAGgAIABIAEQAEgBDVXNlcnMvbGFkeWJ1Zy9Ecm9wYm94L1FQMi9SZXNvdXJjZXMvQXNzaWduZWQvbmV2aW5zMjAxMHZoYXJtb255LnBkZgAAEwABLwAAFQACAA7//wAAgAbSGxwdHlokY2xhc3NuYW1lWCRjbGFzc2VzXU5TTXV0YWJsZURhdGGjHR8gVk5TRGF0YVhOU09iamVjdNIbHCIjXE5TRGljdGlvbmFyeaIiIF8QD05TS2V5ZWRBcmNoaXZlctEmJ1Ryb290gAEACAARABoAIwAtADIANwBAAEYATQBVAGAAZwBqAGwAbgBxAHMAdQB3AIQAjgDAAMUAzQKpAqsCsAK7AsQC0gLWAt0C5gLrAvgC+wMNAxADFQAAAAAAAAIBAAAAAAAAACgAAAAAAAAAAAAAAAAAAAMX}}

@article{padgett2002,
	Author = {Jaye Padgett},
	Date-Added = {2018-03-21 18:39:11 +0000},
	Date-Modified = {2018-06-19 17:18:54 +0000},
	Journal = {Language},
	Number = {1},
	Pages = {81-110},
	Title = {Feature classes in phonology},
	Url = {http://www.jstor.org/stable/3086646},
	Volume = {78},
	Year = {2002},
	Bdsk-File-1 = {YnBsaXN0MDDUAQIDBAUGJCVYJHZlcnNpb25YJG9iamVjdHNZJGFyY2hpdmVyVCR0b3ASAAGGoKgHCBMUFRYaIVUkbnVsbNMJCgsMDxJXTlMua2V5c1pOUy5vYmplY3RzViRjbGFzc6INDoACgAOiEBGABIAFgAdccmVsYXRpdmVQYXRoWWFsaWFzRGF0YV8QRy4uLy4uL1Jlc291cmNlcy9Bc3NpZ25lZC9UdXJraXNoL3BhZGdldHQwMmZlYXR1cmVjbGFzc2VzaW5waG9ub2xvZ3kucGRm0hcLGBlXTlMuZGF0YU8RAiYAAAAAAiYAAgAADE1hY2ludG9zaCBIRAAAAAAAAAAAAAAAAAAAANFS6YxIKwAAA2rZLx9wYWRnZXR0MDJmZWF0dXJlY2xhIzFFRUNDQ0IucGRmAAAAAAAAAAAAAAAAAAAAAAAAAAAAAAAAAAAAAAAAAAAB7szL1CPrwQAAAAAAAAAAAAIABAAACSAAAAAAAAAAAAAAAAAAAAAHVHVya2lzaAAAEAAIAADRUyHMAAAAEQAIAADUJCQBAAAAAQAcA2rZLwMUcJYDFG/nAoQ/rwAJ4PIACaQ1AAKYNwACAGhNYWNpbnRvc2ggSEQ6VXNlcnM6AGxhZHlidWc6AERyb3Bib3g6AFFQMjoAUmVzb3VyY2VzOgBBc3NpZ25lZDoAVHVya2lzaDoAcGFkZ2V0dDAyZmVhdHVyZWNsYSMxRUVDQ0NCLnBkZgAOAE4AJgBwAGEAZABnAGUAdAB0ADAAMgBmAGUAYQB0AHUAcgBlAGMAbABhAHMAcwBlAHMAaQBuAHAAaABvAG4AbwBsAG8AZwB5AC4AcABkAGYADwAaAAwATQBhAGMAaQBuAHQAbwBzAGgAIABIAEQAEgBbVXNlcnMvbGFkeWJ1Zy9Ecm9wYm94L1FQMi9SZXNvdXJjZXMvQXNzaWduZWQvVHVya2lzaC9wYWRnZXR0MDJmZWF0dXJlY2xhc3Nlc2lucGhvbm9sb2d5LnBkZgAAEwABLwAAFQACAA7//wAAgAbSGxwdHlokY2xhc3NuYW1lWCRjbGFzc2VzXU5TTXV0YWJsZURhdGGjHR8gVk5TRGF0YVhOU09iamVjdNIbHCIjXE5TRGljdGlvbmFyeaIiIF8QD05TS2V5ZWRBcmNoaXZlctEmJ1Ryb290gAEACAARABoAIwAtADIANwBAAEYATQBVAGAAZwBqAGwAbgBxAHMAdQB3AIQAjgDYAN0A5QMPAxEDFgMhAyoDOAM8A0MDTANRA14DYQNzA3YDewAAAAAAAAIBAAAAAAAAACgAAAAAAAAAAAAAAAAAAAN9}}

@article{jardinelocaltone,
	Author = {Adam Jardine},
	Date-Added = {2018-03-21 18:35:31 +0000},
	Date-Modified = {2018-04-02 14:50:05 +0000},
	Journal = {Phonology},
	Number = {2},
	Pages = {385-405},
	Title = {The local nature of tone association patterns},
	Volume = {34},
	Year = {2017},
	Bdsk-File-1 = {YnBsaXN0MDDUAQIDBAUGJCVYJHZlcnNpb25YJG9iamVjdHNZJGFyY2hpdmVyVCR0b3ASAAGGoKgHCBMUFRYaIVUkbnVsbNMJCgsMDxJXTlMua2V5c1pOUy5vYmplY3RzViRjbGFzc6INDoACgAOiEBGABIAFgAdccmVsYXRpdmVQYXRoWWFsaWFzRGF0YV8QLy4uLy4uL1Jlc291cmNlcy9Bc3NpZ25lZC9qYXJkaW5lMTZsb2NhbHRvbmUucGRm0hcLGBlXTlMuZGF0YU8RAdgAAAAAAdgAAgAADE1hY2ludG9zaCBIRAAAAAAAAAAAAAAAAAAAANFS6YxIKwAAAxRwlhZqYXJkaW5lMTZsb2NhbHRvbmUucGRmAAAAAAAAAAAAAAAAAAAAAAAAAAAAAAAAAAAAAAAAAAAAAAAAAAAAAAADPhjm1upwjwAAAAAAAAAAAAIAAwAACSAAAAAAAAAAAAAAAAAAAAAIQXNzaWduZWQAEAAIAADRUyHMAAAAEQAIAADW6qjPAAAAAQAYAxRwlgMUb+cChD+vAAng8gAJpDUAApg3AAIAVk1hY2ludG9zaCBIRDpVc2VyczoAbGFkeWJ1ZzoARHJvcGJveDoAUVAyOgBSZXNvdXJjZXM6AEFzc2lnbmVkOgBqYXJkaW5lMTZsb2NhbHRvbmUucGRmAA4ALgAWAGoAYQByAGQAaQBuAGUAMQA2AGwAbwBjAGEAbAB0AG8AbgBlAC4AcABkAGYADwAaAAwATQBhAGMAaQBuAHQAbwBzAGgAIABIAEQAEgBDVXNlcnMvbGFkeWJ1Zy9Ecm9wYm94L1FQMi9SZXNvdXJjZXMvQXNzaWduZWQvamFyZGluZTE2bG9jYWx0b25lLnBkZgAAEwABLwAAFQACAA7//wAAgAbSGxwdHlokY2xhc3NuYW1lWCRjbGFzc2VzXU5TTXV0YWJsZURhdGGjHR8gVk5TRGF0YVhOU09iamVjdNIbHCIjXE5TRGljdGlvbmFyeaIiIF8QD05TS2V5ZWRBcmNoaXZlctEmJ1Ryb290gAEACAARABoAIwAtADIANwBAAEYATQBVAGAAZwBqAGwAbgBxAHMAdQB3AIQAjgDAAMUAzQKpAqsCsAK7AsQC0gLWAt0C5gLrAvgC+wMNAxADFQAAAAAAAAIBAAAAAAAAACgAAAAAAAAAAAAAAAAAAAMX}}

@manual{R-base,
	Address = {Vienna, Austria},
	Author = {{R Core Team}},
	Organization = {R Foundation for Statistical Computing},
	Title = {R: A Language and Environment for Statistical Computing},
	Url = {https://www.R-project.org/},
	Year = {2016},
	Bdsk-Url-1 = {https://www.R-project.org/}}

@manual{R-papaja,
	Author = {Frederik Aust and Marius Barth},
	Note = {R package version 0.1.0.9655},
	Title = {{papaja}: {Create} {APA} manuscripts with {R Markdown}},
	Url = {https://github.com/crsh/papaja},
	Year = {2017},
	Bdsk-Url-1 = {https://github.com/crsh/papaja}}
